2761 3481
1334 264 1357 306 7

248 407 312 451 32,
329 405 352 443 7
372 403 538 451 propter
564 403 600 439 et
627 401 796 440 civitatis
821 402 1050 452 dignitatem
1077 405 1165 450 etc.;
1192 404 1389 451 XXXVII,
1421 404 1480 451 18,
1496 405 1518 443 7
1539 402 1760 451 plurimum
1795 400 1957 439 terroris
1981 400 2026 439 in
2052 398 2262 438 Gallorum
2287 396 2456 437 mercede

247 476 443 517 conductis
469 478 655 525 quattuor
680 476 836 515 milibus
863 479 948 515 erat
960 489 974 522 ‚·
1000 480 1177 525 XXXIX,
1207 479 1269 525 25,
1286 482 1309 519 8
1331 480 1494 527 praeter
1525 476 1614 515 belli
1652 475 1825 514 cladibus
1861 475 2047 519 amissos,·
2086 475 2187 521 XLI,
2219 475 2280 520 11,
2297 474 2323 511 5
2350 472 2455 510 inter

247 549 365 590 simul
391 548 713 598 conplorationem
725 562 739 596 ,·
765 551 899 599 XLIV,
931 553 963 600 1,
982 554 1028 591 10
1048 554 1140 601 post
1165 552 1304 591 scelere
1324 555 1490 602 partum
1516 563 1688 601 regnum.
1743 550 1849 597 VIII,
1877 551 1914 596 2,
1931 551 1954 588 5
1981 547 2090 586 haud
2122 548 2167 587 in
2206 546 2328 586 dubia
2362 556 2455 595 εφη

246 625 350 674 XXI,
377 626 439 672 49,
460 625 504 664 11
534 623 643 662 haud
668 635 753 663 cum
780 625 980 674 inparatis
990 638 1003 672 ,·
1030 627 1135 675 VIII,
1166 628 1225 675 13,
1241 629 1266 667 4
1292 627 1498 665 admodum
1531 640 1557 665 a
1578 625 1733 676 paucis,
1772 625 1819 664 cf.
1848 624 1914 671 VI,
1943 624 2072 671 33,10
2111 635 2159 661 ex
2188 634 2314 672 prope
2348 621 2454 659 certa

245 699 414 749 fiducim·
440 699 565 746 XXII,
594 701 655 745 50,
679 701 705 747 9
733 700 907 748 quamvis
927 713 1003 748 per
1030 701 1242 749 confertos;
1278 702 1455 750 XXVIII,
1483 704 1519 749 2,
1546 704 1569 741 5
1600 700 1757 738 vixdum
1784 699 1828 736 in
1855 708 2049 747 emes-3082·
2075 697 2190 744 XLV,
2221 698 2281 744 19,
2299 698 2322 736 5
2351 697 2450 733 tam·

249 785 367 823 quam
395 772 441 811 de
459 771 582 811 altero
601 772 791 811 Romanis
810 776 909 813 cerlo
927 775 1048 814 amico
1063 793 1116 809 =
1131 777 1177 815 de
1198 777 1318 816 altero
1338 779 1547 828 tamquam,
1567 790 1600 816 v,
1625 776 1688 814 W.
1709 775 1758 820 ΙΙ,
1781 775 1840 821 19,
1866 775 1888 812 5
1908 771 1980 810 hac
1997 773 2069 810 aut
2088 770 2160 809 illa
2181 783 2229 809 ex
2246 770 2349 815 acia
2367 769 2453 816 VII,

250 849 312 895 19,
331 849 355 887 3
381 846 503 885 medio
522 846 566 885 in
583 846 669 896 foro
683 864 737 880 =
751 849 926 896 XXXIV,
948 852 983 897 5,
1010 851 1045 889 8.
1092 851 1230 898 XXVI,
1260 851 1321 898 46,
1338 853 1361 890 2
1383 853 1501 899 parte
1520 850 1564 888 iii
1582 845 1678 888 alia.
1725 850 1791 895 IX,
1811 850 1871 895 43,
1893 849 1940 887 15
1963 846 2157 894 aciemque
2174 857 2250 894 per
2275 844 2452 883 mediam.

247 921 407 973 XXVII,
423 922 484 970 26,
500 923 523 961 8
540 920 661 960 medio
677 921 721 960 in
735 921 850 960 saltu.
893 924 1089 972 XXXVII,
1109 926 1168 971 12,
1189 926 1235 964 12
1251 924 1372 964 medio
1390 925 1431 963 in
1448 937 1575 963 cursu.
1622 924 1799 970 XXXIX,
1816 923 1877 969 53,
1896 923 1943 962 12
1959 920 2125 960 nwdiam
2139 919 2183 958 in
2201 918 2452 958 Thessaliam.

247 996 383 1043 XLIV,
401 998 462 1044 35,
481 998 529 1036 16
552 996 674 1034 medio
696 996 737 1033 in
755 996 872 1035 alveo.
918 999 995 1045 XL,
1017 1001 1078 1047 45,
1095 1000 1119 1038 4
1133 997 1227 1037 haec
1247 999 1348 1037 inter
1358 999 1554 1049 prodiyia.
1572 1023 1622 1027 ——
1639 999 1814 1049 Denique
1834 996 2065 1049 praepositio
2094 1008 2182 1036 011111
2211 994 2452 1034 substantivo

245 1071 377 1110 iuncta
401 1072 623 1122 saepissime
642 1072 868 1112 attributiva
888 1074 1166 1123 significatione
1196 1075 1260 1113 alii
1282 1076 1426 1113 nomini
1447 1076 1665 1125 apponitur,
1692 1077 1737 1112 ut
1756 1073 1785 1119 Ι,
1805 1074 1865 1119 21,
1881 1074 1904 1111 3
1924 1084 1969 1110 ex
1987 1082 2104 1119 opaco
2132 1081 2246 1118 specu
2274 1068 2363 1117 fons
2381 1071 2453 1107 etc.

353 1144 484 1183 Liceat
510 1145 605 1183 mihi
633 1157 735 1184 nunc
763 1148 966 1187 nonnullas
995 1148 1295 1199 praepositiones
1325 1149 1534 1188 secundum
1568 1148 1879 1187 distributionem
1912 1146 2004 1185 varii
2042 1156 2175 1184 earum
2213 1155 2306 1182 usus
2340 1142 2454 1193 paulo

247 1218 467 1256 accuratius
496 1219 739 1268 perlustrare.
794 1220 851 1264 Α,
872 1220 933 1258 ab
961 1219 999 1270 a)
1028 1222 1167 1259 dicitur
1195 1222 1240 1260 de
1274 1223 1367 1267 1000,
1405 1222 1506 1260 unde
1544 1221 1688 1271 aliquid
1727 1222 1913 1265 movetur,
1951 1220 2037 1265 exit,
2072 1218 2338 1270 proficiscitur,
2376 1216 2454 1254 sive

247 1292 312 1331 ille
340 1294 400 1331 est
427 1304 540 1331 verus
567 1294 674 1332 locus
703 1294 780 1333 sive
814 1307 881 1344 per
916 1297 1183 1346 metaphoram
1221 1297 1512 1346 intellegendus.
1569 1297 1607 1344 b)
1637 1296 1882 1343 coniungitur
1910 1306 1996 1333 cum
2015 1293 2234 1332 nominibus
2262 1295 2453 1330 terrarum

246 1367 286 1405 et
312 1367 523 1415 regionum.
578 1365 615 1416 0)
646 1380 732 1406 011111
760 1369 978 1408 nominibus
1007 1370 1161 1408 urbium
1191 1372 1230 1408 et
1248 1371 1472 1408 insularum.
1528 1370 1566 1418 d)
1586 1370 1719 1419 Praep.
1748 1382 1774 1405 a
1803 1381 1891 1407 cum
1918 1368 2135 1407 nominibus
2163 1367 2337 1405 locorum
2365 1377 2455 1404 cou-

246 1440 378 1479 iuncta
416 1441 533 1479 etiam
569 1442 734 1492 patriam
767 1442 911 1482 indicat
950 1442 1011 1491 (ut
1048 1443 1076 1490 I,
1106 1445 1208 1490 50,3
1250 1442 1410 1481 Turnus
1447 1442 1675 1481 Herdonius
1708 1442 1756 1480 ab
1789 1440 1958 1491 Aricia).
2012 1442 2047 1490 e)
2082 1441 2328 1490 coniungitur
2366 1450 2455 1478 cum

245 1512 363 1551 dorno.
418 1512 451 1564 f)
481 1515 726 1564 coniungitur
753 1528 842 1555 cum
881 1518 995 1555 verbo
1024 1516 1133 1562 oriri,
1171 1520 1216 1556 ut
1256 1518 1442 1567 originem
1475 1518 1674 1568 exprimat.
1731 1515 1771 1566 g)
1810 1516 1964 1555 additur
2000 1516 2044 1554 iis
2081 1514 2313 1560 notionibus,
2352 1513 2454 1551 unde

246 1588 338 1636 quid
365 1600 507 1627 nomen
536 1591 653 1628 traxit
680 1591 757 1628 sive
794 1592 1029 1641 appellatum
1066 1594 1136 1630 est.
1192 1594 1236 1642 11)
1266 1593 1421 1631 additur
1456 1593 1674 1630 notionibus
1708 1591 1915 1641 incipiendi
1952 1593 1990 1628 et
2027 1589 2210 1627 ordiendi.
2266 1587 2296 1637 i)
2334 1588 2451 1626 Notio

244 1661 319 1701 loci
347 1662 578 1703 transfertur
605 1663 653 1703 ad
681 1656 845 1715 teinpus,
874 1677 962 1704 cum
999 1666 1106 1706 cuius
1145 1666 1299 1706 notione
1334 1665 1529 1706 interdum
1567 1666 1674 1705 notio
1711 1677 1849 1704 causae
1887 1664 2088 1703 coniuncta
2124 1664 2184 1702 est
2252 1659 2293 1712 k)
2322 1661 2452 1702 Motus
2490 1653 2494 1655 “

243 1737 350 1775 notio
379 1737 615 1777 transfertur
642 1739 691 1777 ad
719 1740 901 1786 actiones,
931 1740 1032 1790 quod
1061 1742 1283 1792 saepissime
1311 1742 1357 1781 fit
1384 1742 1424 1780 in
1452 1740 1613 1792 passivis
1642 1740 1746 1779 verbi
1776 1739 1918 1785 formis,
1946 1737 2136 1777 interdum
2166 1736 2283 1776 etiam
2319 1736 2358 1774 in
2395 1736 2452 1775 in-

245 1811 470 1849 transitivis.
515 1811 544 1861 1)
574 1823 731 1851 causam
759 1814 946 1863 exprimit.
996 1814 1052 1864 m)
1081 1814 1296 1865 Separatim
1325 1826 1580 1854 commemoro
1601 1814 1776 1853 notiones
1795 1812 1991 1858 liberandi,
2015 1810 2242 1851 vindicandi.
2287 1809 2330 1859 n)
2359 1810 2452 1849 item

245 1886 453 1934 separatim
480 1887 657 1925 notiones
685 1887 819 1925 tuendi
847 1899 891 1926 ac
919 1888 1158 1927 defendendi.
1215 1889 1251 1936 o)
1279 1888 1326 1926 ab
1354 1900 1396 1925 re
1434 1889 1575 1927 dicitur
1610 1899 1679 1937 pro
1707 1886 1881 1925 alienum
1906 1886 1953 1923 ab
1980 1897 2032 1922 re.
2087 1884 2172 1929 VII,
2203 1885 2262 1930 11,
2292 1884 2311 1922 1
2341 1881 2451 1920 haud

243 1956 291 1996 ab
318 1970 361 1996 re
388 1957 497 1997 duxi.
543 1960 699 2008 XXXV,
728 1962 790 2007 32,
820 1963 844 2001 6
872 1961 920 2000 ab
947 1974 990 2000 re
1008 1974 1098 2000 esse.
1144 1962 1184 2014 p)
1205 1963 1337 2014 Praep.
1362 1962 1410 2000 ab
1433 1963 1679 2012 coniungitur
1699 1974 1787 2001 cum
1806 1962 2024 2001 notionibus
2043 1959 2214 2005 timendi,
2240 1957 2448 1997 metuendi.

349 2033 429 2072 De
461 2035 693 2085 praepositio
722 2034 760 2083 a)
794 2036 839 2074 de
876 2036 959 2075 1000
996 2037 1148 2084 dicitur,
1193 2038 1294 2076 unde
1334 2037 1485 2087 aliquid
1527 2037 1792 2087 proficiscitur,
1833 2036 1873 2074 in
1913 2035 2026 2074 rebus
2067 2034 2165 2073 veris
2202 2034 2241 2072 et
2269 2031 2450 2081 cogitatis

244 2105 294 2156 (v.
322 2107 501 2159 Kampm.
531 2108 576 2147 de
604 2106 667 2146 De
693 2120 821 2160 pra-ep.
850 2122 924 2149 usu
951 2110 1131 2150 Plautino
1159 2124 1194 2162 p.
1225 2109 1276 2161 1).
1331 2110 1373 2160 b)
1401 2110 1619 2162 Separatim
1646 2109 1979 2150 commemoranda
2006 2110 2097 2148 sunt
2116 2107 2233 2147 verba
2262 2106 2451 2153 sumendi,

247 2182 433 2232 capiendi,
462 2183 682 2234 excipiendi.
742 2182 779 2233 c)
817 2182 862 2220 de
898 2184 954 2223 ita
992 2184 1143 2232 dicitur,
1191 2187 1236 2224 ut
1272 2185 1416 2236 aliquid
1454 2185 1696 2235 disiungatur
1734 2196 1757 2223 a
1793 2184 1900 2235 copia
1939 2183 2067 2233 aliqua
2104 2183 2173 2220 aut
2211 2180 2451 2232 possessione

246 2256 405 2294 alterius
434 2259 474 2295 et
500 2258 674 2295 transeat
702 2257 751 2294 ad
778 2268 893 2295 usum
930 2259 998 2295 aut
1024 2259 1306 2308 possessionem
1343 2259 1500 2298 alten'us
1542 2258 1738 2309 (Kampm.
1767 2270 1801 2308 p.
1830 2259 1865 2303 2,
1893 2269 1930 2295 11.
1958 2254 2011 2306 4).
2058 2255 2097 2302 d)
2127 2254 2451 2304 significationem

243 2328 362 2369 habet
388 2331 620 2380 partitivam.
668 2329 705 2380 e)
734 2331 780 2370 de
808 2333 979 2381 tempore
1008 2332 1156 2378 dicitur,
1184 2332 1230 2369 de
1258 2331 1330 2376 die,
1359 2332 1406 2369 de
1432 2335 1548 2377 nocte,
1577 2333 1622 2369 cle
1652 2332 1769 2369 tertia
1796 2330 1941 2380 viyilia.
1995 2331 2027 2378 f)
2056 2342 2224 2375 oausam,
2252 2342 2329 2380 qua
2357 2331 2448 2381 quid

247 2402 424 2453 efficitur,
452 2405 597 2446 indicat
624 2404 719 2455 (qua
737 2404 783 2445 de
810 2418 940 2453 causa,
966 2405 1012 2446 de
1040 2404 1175 2453 nihilo,
1202 2406 1450 2457 yratulantes
1476 2407 1522 2446 de
1549 2407 1736 2457 victoria).
1791 2406 1832 2457 g)
1859 2406 2063 2456 respondet
2082 2404 2319 2445 Graecorum
2341 2419 2452 2456 prae-

246 2479 428 2530 positioni
463 2476 559 2532 περὶ
593 2491 681 2520 011111
720 2492 803 2532 gen.
844 2481 1009 2522 iunctae.
1063 2480 1092 2532 i)
1131 2480 1304 2522 Eandem
1331 2481 1409 2522 vim
1436 2481 1554 2523 habet
1591 2480 1637 2522 de
1672 2482 1849 2522 iunctum
1885 2493 1973 2522 011111
2008 2478 2133 2520 verbis
2169 2478 2311 2529 facere,
2347 2478 2440 2529 fieri

241 2554 371 2590 actum
397 2555 454 2592 est
483 2554 760 2604 significatione
787 2554 912 2604 periit
938 2553 1102 2605 aliquid,
1122 2554 1334 2594 extinctam
1361 2557 1418 2594 est
1446 2554 1555 2608 (quid
1583 2556 1630 2597 (10
1657 2556 1762 2596 nexis
1790 2555 1873 2595 fieri
1899 2555 2079 2608 placeret,
2109 2553 2202 2606 quid
2230 2554 2277 2595 de
2308 2554 2452 2608 praeda

240 2628 459 2667 faciendum
486 2632 696 2676 censerent,
724 2633 856 2668 actum
884 2642 965 2668 esse
994 2631 1040 2668 de
1069 2631 1246 2668 libertate
1275 2631 1373 2677 sua).
1401 2630 1443 2680 k)
1473 2631 1519 2668 de
1538 2631 1737 2668 industria.
1792 2629 1822 2679 l)
1851 2630 1897 2667 de
1924 2630 2085 2677 integro.
2146 2629 2203 2678 m)
2232 2628 2451 2680 Separatim

240 2704 533 2742 commemorari
570 2707 734 2753 possunt
761 2705 877 2743 verba
905 2705 1088 2750 certandi,
1117 2704 1336 2743 dimica-ndi.
1392 2703 1436 2754 n)
1457 2705 1632 2754 Denique
1652 2703 2007 2743 commemorandae
2037 2705 2129 2741 sunt
2157 2704 2450 2742 coniunctiones

238 2772 412 2821 victoria,
440 2775 673 2825 triumphus,
701 2776 945 2826 triumphare
972 2777 1018 2815 de
1041 2776 1185 2826 aliquo.

344 2847 403 2895 Ε,
418 2859 481 2888 ex
507 2848 547 2902 a)
576 2851 717 2890 dicitur
744 2851 791 2891 de
818 2852 901 2891 1000
931 2853 970 2892 et
997 2852 1043 2891 de
1070 2852 1118 2891 iis
1136 2852 1264 2899 rebus,
1288 2863 1385 2903 quae
1406 2863 1474 2903 per
1492 2852 1759 2902 metaphoram
1779 2861 1847 2901 pro
1868 2850 1950 2890 1000
1975 2851 2230 2902 accipiuntur.
2278 2849 2320 2901 b)
2340 2851 2449 2890 iunc-

238 2921 323 2960 tum
362 2935 452 2962 oum
490 2926 679 2964 terrarum
719 2926 950 2964 nominibus.
1019 2924 1056 2975 0)
1094 2927 1340 2976 coniungitur
1383 2937 1470 2965 cum
1507 2938 1539 2964 v.
1577 2925 1719 2962 domus.
1794 2924 1835 2974 d)
1863 2924 2011 2964 indicat
2043 2925 2184 2972 locum,
2224 2925 2326 2964 unde
2363 2925 2449 2976 quis

238 2993 422 3035 oriundus
450 2998 513 3045 sit,
540 2999 607 3038 ubi
633 2999 793 3045 habitet,
823 3011 897 3049 quo
926 3000 1117 3049 pertineat
1144 2998 1196 3049 (v.
1224 3000 1352 3039 Hand.
1381 3000 1493 3039 Turs.
1523 2999 1572 3045 ΙΙ,
1601 3011 1636 3049 p.
1665 2998 1753 3037 618.
1773 2998 1955 3049 Kampm.
1980 2998 2028 3037 de
2047 2996 2133 3036 DE
2151 3001 2191 3038 et
2208 2997 2291 3038 EX
2319 3011 2447 3050 praep,

236 3078 311 3107 usu
335 3067 516 3113 Plautino
544 3085 580 3124 p.
609 3072 687 3124 12),
715 3071 868 3113 Gellius
893 3071 1093 3123 Eynatius
1115 3085 1165 3112 ex
1185 3072 1428 3113 Samnitibus
1455 3075 1525 3113 etc.
1580 3072 1616 3122 e)
1639 3084 1687 3110 ex
1709 3083 1798 3111 011111
1825 3073 2008 3113 materiae
2027 3074 2246 3114 nominibus
2272 3074 2448 3114 iunctum

236 3139 383 3182 indicat
409 3144 555 3196 aliquid
582 3158 627 3187 ea
653 3148 819 3188 materia
846 3147 1102 3201 compositum
1129 3150 1198 3188 aut
1231 3148 1448 3191 confectum
1484 3159 1566 3189 esse
1606 3146 1678 3199 (sic
1705 3157 1754 3187 ex
1781 3158 1823 3187 εο
1850 3146 1996 3187 donum
2019 3159 2186 3188 aureum
2209 3147 2323 3200 fieret
2348 3145 2447 3199 ete).
