2882 3593
1486 258 1509 299 6

389 401 489 441 tinet
515 412 648 440 verum
681 400 885 446 obiectum,
918 399 1090 450 pendens
1118 399 1215 438 illud
1243 401 1312 438 aut
1339 410 1382 437 ex
1405 399 1671 445 substantivis,
1700 400 1769 437 aut
1787 410 1831 437 ex
1852 399 2064 448 adieetivis,
2085 403 2153 441 aut
2172 413 2216 440 ex
2234 402 2371 441 verbis.
2418 402 2603 452 Exempla

389 477 481 516 sunt
500 472 807 513 immortalitatis
824 471 972 522 fautor,
992 471 1226 511 desiderium
1242 470 1411 517 Romuli,
1433 472 1620 512 adiectiva
1637 483 1785 521 experS,
1797 471 2011 522 particeps,
2030 473 2182 521 avidus,
2202 474 2378 524 cupidus,
2395 474 2499 514 iuris
2516 486 2603 514 con-

387 548 525 593 sultus,
553 558 704 592 memor,
733 546 941 592 immemor,
969 556 1128 595 compos,
1149 547 1300 594 potens,
1328 545 1518 594 inpotens,
1545 557 1708 595 ynarus,
1741 544 1919 595 iqnarus,
1946 547 2137 595 prudens,
2174 547 2412 597 imprudens,
2432 547 2601 598 peritus,

387 621 538 667 similis,
559 619 717 669 plenus,
745 619 870 669 inops,
899 619 1083 666 incertus,
1112 618 1270 668 fertilis,
1298 618 1486 665 insuetus,
1516 621 1730 667 conpertus,
1759 631 1910 669 eyenus,
1936 619 2163 668 intolerans,
2191 622 2306 671 fessis
2332 624 2386 661 tot
2412 621 2603 661 malorum

387 697 508 746 (XXI,
535 694 651 744 35‚6)‚
688 694 835 740 insons,
876 696 1087 743 suspectus,
1127 706 1229 739 reuS,
1270 693 1545 742 intemperanS,
1581 693 1784 742 propriuS,
1825 693 1961 733 dubios
2001 696 2215 734 sententiae
2251 697 2447 746 (XXXIII,
2483 696 2601 746 25,5)‚

386 768 602 819 opulentus.
630 768 815 814 conscius,
844 767 980 814 socius,
1020 767 1180 817 adfinis,
1218 778 1356 816 capax,
1387 766 1548 816 patiens
1574 769 1773 819 multaque
1815 769 1941 808 verba.
2010 770 2072 809 Ad
2114 771 2335 821 genetivum
2372 771 2603 810 obiectivum

386 844 586 895 qualitatis
614 844 785 895 pertinet
813 843 934 883 etiam
960 843 994 882 is
1022 843 1088 894 qui
1116 841 1374 892 epeoeeyeticus
1402 842 1480 881 sive
1508 840 1735 890 definitivus
1762 843 1914 889 dicitur,
1955 844 2021 894 qui
2048 844 2220 895 pendens
2248 858 2292 885 ex
2320 846 2394 885 alio
2423 846 2603 885 substan·

383 920 462 959 tivo
491 919 658 970 explieat
684 918 781 957 illud
810 917 1063 969 appositionis
1091 917 1223 964 instar,
1253 920 1298 956 ut
1324 917 1374 964 ΙΙ,
1405 917 1437 964 1,
1457 917 1482 955 4
1502 918 1720 966 pastorum*
1737 927 2069 966 convenarumque
2083 917 2217 967 plebs;
2245 918 2309 970 §5
2322 918 2493 970 piynera
2515 929 2602 958 con-

383 993 520 1043 iuyum
546 1004 593 1030 ac
620 990 851 1038 liberorum;
892 990 1067 1029 Asturae
1108 990 1265 1038 flumen,
1299 991 1437 1029 abietis
1470 990 1684 1037 arboribus,
1720 990 1871 1029 Miseni
1905 993 2242 1039 promunturium,
2279 992 2407 1031 lacum
2441 993 2602 1040 Averni,

382 1068 530 1118 fretum
556 1065 719 1115 Euripi,
747 1064 910 1114 flumine
938 1064 1170 1104 Loracinae.
1234 1066 1468 1118 Appendicis
1496 1066 1579 1105 loco
1607 1066 1743 1105 deinde
1771 1067 1977 1106 tractanda
2004 1070 2097 1108 sunt
2125 1068 2276 1119 ellipses
2314 1071 2353 1109 et
2390 1069 2603 1120 pleonasmi

386 1142 730 1182 substantivorum.
783 1140 814 1186 I,
843 1141 906 1185 24,
926 1141 951 1178 4
971 1152 1122 1187 puram
1151 1138 1273 1177 tollito
1301 1142 1429 1182 mente
1459 1140 1677 1178 addendum
1706 1142 1766 1179 est
1792 1138 1959 1186 herbam,
1987 1140 2200 1179 verbenam.
2254 1143 2488 1192 Frequentes
2511 1145 2602 1182 sunt

384 1217 537 1267 ellipses
565 1227 704 1254 vocum
731 1212 855 1258 aedeS,
883 1225 971 1258 ara,
999 1213 1149 1251 assium
1176 1215 1428 1264 praecedente
1456 1213 1561 1250 acris
1590 1212 1711 1263 (aeris
1739 1216 1870 1252 autem
1898 1216 2084 1253 omissum
2112 1218 2173 1254 est
2200 1216 2231 1262 I,
2252 1217 2312 1262 43,
2332 1215 2386 1265 4),
2413 1216 2479 1253 via
2499 1215 2602 1266 (qua,

384 1300 439 1337 ea,
467 1286 603 1338 recta),
632 1285 759 1336 feriae
787 1285 993 1337 (Latinae),
1014 1297 1174 1335 passus,
1202 1298 1332 1333 naves,
1361 1285 1472 1336 filius
1500 1286 1560 1336 (ut
1587 1286 1704 1335 XXV,
1744 1287 1842 1335 35‚1
1883 1286 2175 1327 Hasdrubalem
2211 1287 2455 1327 Hamilcaris
2488 1287 2600 1341 etc.);

383 1363 544 1410 XXVII,
572 1363 635 1409 36,
655 1363 703 1401 10
725 1360 882 1399 urbana
901 1382 952 1387 —
963 1361 1179 1410 pereyrina
1208 1361 1275 1411 (sc.
1306 1374 1388 1401 sors
1418 1374 1447 1401 s.
1476 1361 1707 1413 provincia);
1736 1361 1914 1409 XXVIII,
1934 1363 1998 1410 38,
2014 1363 2037 1401 5
2065 1361 2213 1412 siqnati
2238 1362 2393 1413 arqenti
2419 1375 2602 1413 maynum

382 1448 600 1481 numerum,
628 1447 680 1474 so.
707 1447 922 1481 nummum,
952 1438 1047 1481 etc.;
1075 1434 1245 1473 modium
1255 1445 1269 1480 ,·
1298 1435 1438 1482 XXXI,
1468 1436 1529 1482 47,
1547 1437 1569 1473 2
1598 1437 1754 1480 statum,
1783 1436 1850 1475 ubi
1878 1447 2044 1481 sacrum,
2072 1435 2262 1482 sollemne,
2291 1439 2440 1485 tempus
2472 1439 2600 1476 mente

384 1511 604 1550 addendum
632 1513 713 1557 est;
753 1508 919 1558 aryenti,
958 1508 1063 1554 auri,
1101 1521 1171 1546 rus
1199 1521 1229 1548 s.
1251 1508 1476 1556 praedium,
1513 1508 1684 1547 sestertio
1713 1511 1796 1555 etc.,
1825 1509 2092 1556 frumentum,·
2126 1511 2241 1558 XLV,
2270 1512 2332 1557 40,
2349 1512 2371 1549 5
2393 1523 2469 1558 pro
2496 1512 2598 1556 rata,

383 1586 451 1625 int.
471 1586 612 1633 parte,·
640 1595 791 1621 corona.
846 1583 1136 1635 Nonnunquam
1164 1584 1372 1631 omittitur,
1401 1584 1512 1622 utin
1550 1584 1696 1633 graecis
1735 1579 1936 1634 σημαίνει,
1975 1580 2184 1635 σαλπίζει,
2222 1580 2331 1630 θύει,
2371 1585 2598 1635 significatio

382 1659 560 1705 hominis,
589 1658 654 1707 qui
682 1660 832 1696 certum
861 1657 1014 1707 aliquod
1044 1658 1244 1707 negotium
1273 1658 1506 1708 exsequitur.
1560 1656 1648 1695 Huc
1677 1657 1866 1696 accedunt
1903 1669 1969 1696 eae
1998 1658 2163 1709 ellipses,
2202 1670 2298 1708 quas
2327 1659 2597 1709 grammatica-

382 1745 471 1772 rum
497 1734 654 1772 nomine
683 1733 900 1781 significare
928 1733 1065 1782 possis,
1094 1733 1125 1770 si
1153 1733 1259 1771 notio
1289 1733 1479 1782 quaedam
1517 1743 1561 1770 ex
1604 1733 1874 1782 superioribus,
1919 1732 1985 1770 ubi
2026 1733 2085 1771 vel
2127 1733 2212 1783 ipsa
2245 1733 2305 1771 vel
2333 1733 2468 1772 similis
2495 1735 2599 1772 certe

381 1808 460 1847 iam
488 1807 616 1858 posita
644 1808 714 1853 est,
742 1806 952 1855 repetenda
980 1808 1049 1845 est.
1106 1806 1356 1845 Pleonasmus
1385 1809 1471 1845 tum
1500 1808 1671 1856 apparet,
1702 1819 1790 1845 curn
1809 1806 2053 1845 substantiva
2080 1805 2199 1856 (quod
2223 1819 2283 1857 ap.
2304 1806 2454 1846 Livium
2481 1807 2599 1845 etiam

381 1881 422 1921 in
450 1881 536 1921 aliis
565 1880 761 1920 vocabulis
789 1878 863 1929 fit),
891 1879 1027 1929 exiguo
1054 1880 1255 1920 intervallo
1284 1882 1525 1931 repetuntur.
2100 1940 2102 1942 γ

488 1954 641 1993 Accedo
669 1966 773 1993 nunc
801 1953 849 1992 ad
870 1952 1192 2002 praepositiones,
1248 1954 1469 1994 Nonnullae
1488 1953 1790 2005 praepositiones
1818 1965 1907 1994 cum
1925 1954 2105 2006 primitus
2132 1954 2311 1994 adverbia
2339 1953 2492 2001 fuerint,
2520 1965 2598 1993 non

382 2031 443 2069 est
469 2030 611 2068 mirum
639 2040 919 2079 nonnunquam
946 2040 1055 2068 veras
1083 2029 1385 2079 praepositiones
1415 2040 1504 2067 cum
1523 2028 1665 2067 talibus
1694 2028 1880 2068 adverbiis
1900 2029 2092 2078 coniungi,
2113 2028 2231 2079 sic-V,
2251 2029 2313 2074 35,
2328 2029 2354 2067 4
2372 2027 2427 2065 cis
2446 2026 2598 2066 Padum

380 2103 589 2152 ultraque;
617 2102 686 2149 IX,
716 2104 778 2149 32,
795 2104 818 2141 9
846 2103 939 2139 ante
966 2101 1081 2151 siyna
1109 2101 1285 2150 circaque
1299 2113 1313 2147 ,·
1347 2102 1490 2149 XXXI,
1519 2103 1580 2149 24,
1595 2103 1619 2140 9
1650 2101 1757 2139 intra
1785 2114 1869 2140 eam
1896 2104 2111 2150 e.ztraque,·
2141 2102 2276 2149 XLIV,
2310 2103 2344 2149 8,
2360 2103 2384 2141 6
2412 2102 2449 2139 et
2475 2113 2598 2151 supra

381 2177 494 2225 ripas
521 2176 690 2225 inqentis
714 2176 890 2225 yuryites
929 2176 1029 2223 facit
1064 2177 1102 2213 et
1139 2175 1263 2222 infra,
1307 2189 1340 2214 v.
1371 2177 1487 2214 Drak.
1542 2177 1645 2214 Alibi
1682 2179 1813 2214 tamen
1856 2177 1905 2214 ad
1945 2177 2109 2227 priorem
2152 2176 2474 2227 praepositionem
2508 2177 2597 2215 sub-

381 2252 607 2297 stantivum,
638 2251 741 2301 quod
771 2262 862 2290 cum
890 2251 1014 2290 altera
1041 2262 1172 2300 praep.
1200 2251 1451 2289 coniunctum
1488 2252 1558 2296 est,
1585 2252 1715 2289 mente
1749 2251 1969 2289 addendum
2004 2252 2073 2295 est,
2109 2250 2163 2288 sic
2190 2249 2310 2294 XXV,
2338 2251 2374 2295 5,
2394 2251 2417 2288 6
2444 2248 2596 2296 alteros,

379 2323 449 2374 qui
485 2322 597 2369 citra,
636 2321 791 2369 alteros,
829 2321 898 2372 qui
935 2321 1045 2361 ultra
1085 2321 1478 2374 quinquayensimum
1517 2321 1686 2372 lapidem
1715 2346 1763 2350 —
1792 2321 2028 2372 inspicerent
2040 2334 2053 2369 ;
2091 2322 2308 2370 XXXVIII,
2338 2323 2400 2371 39,
2426 2323 2473 2363 17
2495 2333 2598 2371 pars

380 2398 465 2436 eius
491 2397 592 2435 citra
612 2408 716 2447 pars
742 2396 852 2435 ultra
876 2396 1052 2435 Taurum
1070 2398 1127 2435 est
1139 2407 1152 2443 ,·
1180 2397 1358 2446 XXXIX,
1388 2398 1424 2446 4,
1441 2398 1464 2437 9
1494 2395 1597 2435 circa
1616 2408 1747 2436 muros
1774 2408 1897 2447 supra
1925 2397 2130 2448 subterque
2149 2397 2306 2436 terram.
2325 2420 2376 2425 -—
2397 2395 2438 2437 Si
2464 2396 2597 2438 eadem

380 2475 613 2523 praepositio
642 2486 731 2512 cum
759 2474 909 2512 duobus
938 2474 1188 2512 substantivis
1218 2474 1486 2521 coniungenda
1522 2475 1591 2518 est,
1630 2476 1698 2510 aut
1734 2475 1921 2524 repetitur
1958 2474 2006 2512 ad
2045 2474 2212 2511 alterum
2239 2474 2308 2510 aut
2336 2472 2531 2510 omittitur
2557 2474 2598 2511 et

380 2550 511 2587 mente
540 2547 707 2586 additur.
738 2571 788 2576 —-
816 2547 965 2586 Deinde
994 2549 1203 2596 spectanda
1232 2549 1304 2586 erit
1332 2548 1551 2586 coniunctio
1580 2548 1743 2585 duarum
1770 2549 2101 2598 praepositionum
2128 2548 2169 2584 in
2197 2547 2331 2584 eodem
2362 2547 2596 2595 praedicato,

380 2622 426 2662 ut
451 2619 503 2669 H,
532 2622 593 2669 52,
611 2620 633 2661 7
655 2619 853 2669 proelium
890 2632 976 2659 cum
1015 2618 1150 2660 Tuscis
1185 2620 1240 2660 ad
1275 2618 1501 2660 Ianiculum
1537 2622 1609 2660 etc.
1676 2620 1775 2661 Tum
1815 2623 1989 2672 sequitur
2027 2620 2221 2660 collocatio
2262 2621 2598 2670 praepositionum.

379 2694 477 2735 Post
505 2705 638 2735 casum
668 2706 782 2735 suum
810 2694 938 2747 posita
966 2696 1026 2735 est
1061 2694 1295 2747 praepositio
1332 2693 1457 2741 XXII,
1496 2695 1531 2741 3,
1548 2694 1571 2733 3
1609 2692 1804 2733 Faesulas
1830 2693 1935 2734 inter
1961 2693 2267 2742 Arretiumque;
2307 2692 2468 2742 XXVII,
2497 2694 2598 2742 41,4

379 2770 511 2806 castra
540 2767 694 2806 Punica
721 2779 768 2806 ac
794 2768 976 2806 Romana
1004 2768 1108 2806 inter
1140 2768 1289 2806 iacebat
1325 2779 1485 2816 campus
1496 2777 1509 2812 ,·
1546 2767 1725 2816 XXVIII,
1756 2770 1816 2816 14,
1835 2770 1858 2808 5
1887 2780 1982 2818 quos
2008 2768 2133 2814 inter;
2169 2767 2330 2815 XXXII,
2366 2768 2427 2816 13,
2445 2768 2465 2807 1
2500 2758 2600 2817 quas

378 2842 495 2880 inter.
550 2842 839 2892 Nonnunquam
866 2843 1169 2893 praepositiones
1207 2855 1230 2881 a
1257 2844 1424 2888 nomine,
1463 2853 1539 2891 quo
1567 2843 1774 2891 pertinent,
1813 2844 1966 2883 insertis
2003 2844 2088 2883 aliis
2125 2842 2322 2881 vocabulis
2359 2843 2597 2892 separantur,

379 2927 660 2967 nonnunquam
687 2917 923 2957 contrarium
950 2917 1006 2964 fit,
1044 2919 1090 2956 ut
1117 2918 1314 2964 vocabula,
1352 2928 1449 2967 quae
1489 2916 1537 2955 ad
1574 2928 1715 2956 nomen
1756 2918 1927 2967 pendens
1968 2918 2197 2968 pertineant,
2238 2928 2316 2955 non
2354 2916 2449 2956 satis
2475 2916 2599 2967 logIca

378 2990 526 3030 ratione
554 3001 623 3041 per
657 2991 983 3042 praepositionem
1021 2991 1069 3031 ab
1107 3002 1152 3030 ea
1191 2991 1435 3030 divellantur.
1504 2990 1678 3041 Denique
1716 3003 1829 3042 saepe
1871 2991 2104 3043 praepositio
2144 2990 2246 3030 inter
2286 2989 2517 3030 adjectivum
2558 2991 2599 3030 et

380 3064 672 3105 substantivum
699 3065 869 3105 medium
894 3065 1023 3105 locum
1050 3067 1169 3105 tenet.
1224 3066 1410 3117 Exempla
1437 3067 1531 3105 sunt
1558 3065 1587 3113 I,
1616 3066 1676 3113 59,
1691 3066 1717 3105 4
1742 3065 1929 3104 adversus
1965 3063 2123 3105 hostilia
2157 3074 2299 3110 ausos,·
2331 3064 2397 3113 IV,
2424 3065 2487 3113 43,
2503 3065 2527 3104 2
2554 3062 2599 3104 ob

380 3137 689 3188 Sempronianae
717 3137 841 3177 cladis
868 3138 1035 3178 levatam
1061 3139 1335 3190 iynominiam;
1361 3140 1522 3187 XXVII,
1551 3141 1641 3188 36,2
1669 3139 1725 3178 ad
1757 3141 1926 3180 mercede
1951 3140 2108 3179 auxilia
2135 3138 2404 3185 conducenda3
2441 3139 2597 3189 XXXV,
