2882 3593
1477 260 1502 300 4

485 397 658 437 Tertium
686 399 805 448 caput
832 397 1113 448 complectetur
1140 409 1253 438 casus
1271 398 1613 444 substantivorum,
1635 398 1803 449 primum
1819 399 2102 439 nominativum
2122 402 2161 440 et
2182 401 2409 440 vocativum.
2459 399 2592 440 Nomi-

375 471 530 511 nativus
556 471 736 522 primitus
764 473 825 511 est
844 483 958 511 casus
984 471 1219 518 nominandi,
1248 473 1293 510 ut
1319 471 1350 518 I,
1380 472 1440 518 1‚5
1471 469 1590 509 Troia
1617 472 1653 509 et
1679 469 1769 509 huic
1796 470 1873 510 loco
1900 484 2039 511 nomen
2065 475 2132 519 est,
2161 475 2210 513 ad
2236 487 2271 525 q.
2291 475 2315 513 l.
2343 474 2428 513 vide
2453 474 2588 516 Drak..

375 544 537 592 XXXH,
565 545 656 592 39,6
682 543 792 582 haud
811 543 954 594 procul
980 544 1074 582 urbe
1100 543 1306 593 Mycenica
1332 546 1504 590 vocatur,
1532 558 1566 583 v.
1591 545 1665 591 W„
1685 545 1821 584 deinde
1848 557 1959 585 casus
1985 547 2158 587 subiecti.
2213 548 2379 587 Maxime
2401 522 2590 587 memora-'-

373 619 450 658 bile
478 620 549 666 est,
576 618 680 669 quod
710 630 824 670 saepe
851 619 1125 665 nominativus,
1145 617 1454 668 frequentissime
1477 617 1560 665 ipse
1583 620 1622 657 et
1641 617 1813 667 quisque,
1842 619 2010 658 ablativo
2031 621 2208 660 absoluto
2233 623 2301 660 aut
2320 621 2394 660 abl.
2414 620 2590 670 gerundii

375 692 431 732 sic
459 693 731 744 interponitur,
759 695 806 732 ut
834 692 1051 732 subiectum
1078 693 1230 743 proprie
1260 693 1320 739 sit,
1351 692 1383 731 si
1412 693 1643 731 sententiam
1672 693 1835 741 quaeris,
1865 693 1969 731 verbi
1997 694 2111 740 illius,
2138 706 2216 733 non
2235 695 2340 734 verbi
2362 695 2472 740 finiti,
2501 705 2589 733 cum

375 776 451 817 quo
480 764 701 817 syntectica
727 765 877 806 ratione
905 764 1196 816 coniungendus
1225 766 1296 811 est,
1325 766 1370 805 ut
1394 764 1459 813 IV,
1479 764 1593 812 44‚10
1622 775 1741 803 causa
1768 763 1851 814 ipse
1870 777 1948 814 pro
1975 776 2015 804 se
2042 765 2147 805 dicta
2175 791 2225 796 —-
2253 765 2476 805 damnatur.
2530 766 2588 807 De

372 840 548 878 vocativo
574 840 673 878 nihil
701 839 1080 879 commemorandum
1109 839 1181 878 erit
1208 839 1283 878 nisi
1310 840 1416 878 varia
1444 840 1524 878 eius
1553 839 1753 878 collocatio
1781 839 1821 877 in
1850 840 2125 881 enuntiatione.

480 914 696 960 Ablativns,
725 914 773 952 ad
802 925 917 964 quem
943 925 1048 951 nunc
1084 924 1146 951 me
1188 916 1381 960 converto,
1427 913 1543 951 dividi
1585 915 1712 963 potest
1753 913 1793 951 in
1830 914 1904 951 abl.
1935 915 2166 964 quantitatis
2195 917 2233 953 et
2259 915 2469 965 qualitatis.
2524 914 2587 953 Ad

374 985 450 1025 abl.
480 987 712 1037 quantitatis
740 987 908 1037 primum
934 986 1132 1037 pertinent
1158 987 1233 1025 abl.
1268 987 1343 1025 loci
1381 989 1420 1026 et
1459 987 1655 1037 temporis,
1699 986 1776 1025 abl.
1810 987 1884 1025 loci
1922 987 2063 1026 iterum
2090 989 2227 1039 triplex
2254 1000 2375 1038 genus
2403 987 2587 1027 constitui

373 1060 514 1110 potest,
540 1061 708 1112 primum
746 1059 846 1099 enim
881 1060 1110 1111 respondere
1147 1062 1277 1110 potest
1310 1060 1359 1099 ad
1392 1061 1521 1099 interr.
1548 1058 1652 1097 unde
1681 1061 1719 1098 et
1751 1059 1826 1099 diei
1860 1060 1906 1099 de
1941 1062 2154 1101 remotione
2187 1074 2210 1101 a
2246 1062 2339 1109 loco,
2376 1060 2510 1100 deinde
2539 1060 2585 1100 de

374 1133 500 1183 spatio
528 1134 631 1172 inter
658 1133 733 1172 duo
761 1134 847 1172 loca
873 1134 1125 1172 interiacente
1155 1132 1247 1182 (abl.
1275 1134 1403 1179 medii,
1431 1136 1476 1172 ut
1497 1134 1617 1180 porta
1639 1131 1792 1170 Collina
1815 1132 2023 1179 intravere,
2051 1134 2293 1182 frumentum
2315 1133 2444 1171 Tiberi
2470 1132 2585 1179 venit,

372 1203 463 1256 iugo
495 1205 808 1256 circummissus),
844 1208 1009 1258 denique
1042 1207 1272 1258 respondere
1309 1210 1440 1258 potest
1481 1208 1530 1247 ad
1557 1208 1685 1246 interr.
1714 1206 1799 1253 ubi,
1841 1208 2010 1257 quietem
2044 1209 2265 1258 significans
2298 1209 2338 1247 in
2374 1209 2468 1247 loco.
2523 1207 2584 1246 Ad

372 1280 542 1333 primum
564 1292 686 1332 genus
713 1280 861 1330 (interr.
888 1279 1010 1332 unde)
1045 1283 1199 1332 praeter
1232 1280 1390 1321 nomina
1430 1281 1594 1328 urbium,
1637 1281 1709 1321 abl.
1744 1279 1851 1320 donw
1880 1283 1919 1321 et
1945 1292 2049 1328 rure,
2087 1282 2213 1322 multa
2238 1282 2433 1333 pertinent
2460 1282 2585 1329 verba,

372 1356 418 1394 ut
437 1353 599 1403 pellere,
627 1354 757 1393 cedere
784 1366 874 1394 cum
897 1355 1133 1407 compositis,
1152 1353 1329 1400 liberare,
1357 1365 1501 1400 arcere,
1519 1365 1677 1400 movere,
1690 1353 1897 1403 prohibere
1926 1358 1966 1394 et
1993 1355 2161 1407 plurima
2189 1367 2276 1395 cum
2295 1355 2587 1407 praepositioni-

373 1430 447 1468 bus
474 1428 534 1474 ab,
562 1429 620 1475 de,
649 1442 695 1467 ex
723 1430 950 1479 composita,
980 1430 1169 1468 adiectiva
1205 1428 1313 1473 liber,
1342 1440 1499 1474 vacuuS,
1538 1428 1680 1474 nuduS,
1710 1428 1886 1473 extorris,
1925 1430 2146 1468 adverbium
2179 1427 2331 1477 procul.
2385 1430 2494 1468 Inter
2520 1431 2586 1468 ab-

372 1503 536 1543 lativum
572 1504 619 1543 de
655 1504 784 1553 quiete
823 1504 862 1542 in
899 1504 982 1542 loco
1020 1506 1251 1553 usurpatum
1288 1501 1531 1551 (loeativum)
1573 1506 1723 1552 praeter
1758 1504 1915 1541 nomina
1948 1504 2104 1541 urbium
2138 1507 2179 1542 et
2214 1505 2437 1549 insularum,
2471 1502 2584 1547 domi,

371 1573 550 1623 militiae,
578 1587 684 1623 rure,
712 1574 832 1624 humi,
861 1575 1043 1623 incertus,
1071 1587 1185 1626 aeyer
1212 1574 1338 1614 animi
1366 1575 1557 1615 referendi
1586 1578 1676 1617 sunt
1704 1576 1861 1616 ablativi
1889 1575 2040 1622 dextra,
2060 1574 2182 1622 laeva,
2210 1578 2326 1623 recta,
2346 1575 2433 1623 loco,
2458 1577 2584 1625 parte,

371 1650 491 1695 terra,
518 1649 635 1695 mari,
663 1651 799 1689 adiect.
830 1651 932 1687 totus
960 1661 1048 1689 cum
1076 1650 1209 1696 subst.‚
1237 1651 1342 1686 stare
1371 1662 1460 1689 cum
1489 1650 1562 1688 abl.
1600 1648 1722 1697 fama,
1750 1649 1919 1695 consilio,
1947 1649 2110 1698 foedere,
2139 1648 2227 1698 fide,
2249 1662 2352 1699 ‘vero
2390 1652 2472 1697 etc„
2510 1650 2583 1689 abl.

370 1735 531 1762 numero
559 1724 773 1774 (hostium),
799 1724 928 1761 media
953 1724 1059 1768 urbe,
1087 1724 1218 1760 aninw
1247 1726 1330 1769 etc,
1358 1725 1521 1773 denique
1557 1725 1736 1762 adverbia
1773 1726 1929 1762 ablativi
1967 1724 2132 1762 formam
2159 1725 2342 1762 habentia
2369 1735 2459 1771 qua,
2487 1734 2583 1771 qua-

370 1808 542 1847 cumque,
569 1795 719 1847 aliqua,
747 1796 843 1845 alia,
872 1810 929 1844 ea,
957 1796 1099 1843 eadem,
1127 1795 1231 1836 illac.
1286 1797 1340 1837 Ut
1375 1797 1453 1837 iam
1490 1794 1701 1837 ablativum
1741 1798 1926 1848 temporis
1966 1799 2153 1845 omittam,
2189 1798 2410 1837 addendum
2448 1799 2507 1837 est
2535 1797 2583 1836 ad

370 1872 445 1913 abl.
473 1872 703 1924 quantitatis
731 1872 849 1913 etiam
877 1883 922 1912 ea
948 1871 1150 1912 referenda
1179 1882 1272 1919 esse,
1301 1882 1399 1922 quae
1427 1871 1648 1911 interiorem
1677 1871 1786 1922 quasi
1821 1871 2080 1921 quantitatem
2109 1884 2136 1912 s.
2166 1871 2327 1922 gradum
2355 1870 2583 1923 exprimunt,

370 1947 445 1985 abl.
474 1947 773 1999 comparationis
803 1948 887 1986 dico
917 1948 956 1986 et
985 1941 1229 1993 differentiae,
1258 1945 1307 1984 ad
1336 1956 1451 1995 quem
1480 1946 1597 1984 etiam
1626 1946 1783 1996 adiungi
1810 1947 1972 1997 possunt
1999 1946 2157 1985 ablativi
2195 1946 2325 1997 copiae
2354 1947 2393 1984 et
2420 1945 2581 1997 inopiae,

369 2021 466 2060 item
493 2022 684 2061 ablativus
711 2022 824 2072 pretii
852 2024 893 2060 et
919 2022 962 2067 is,
991 2022 1056 2070 qui
1084 2032 1173 2059 cum
1201 2021 1399 2059 adiectivis
1427 2019 1570 2068 diynus
1605 2023 1644 2059 et
1681 2020 1868 2069 indiynus
1906 2021 2162 2070 coniungitur.
2194 2041 2244 2047 —
2272 2020 2332 2058 Ad
2370 2021 2581 2059 ablativum

370 2095 570 2146 qualitatis
598 2095 793 2147 pertinent
826 2095 1019 2136 ablativus
1057 2094 1318 2141 instrumenti,
1361 2105 1510 2140 causae,
1552 2094 1803 2141 limitationis,
1846 2107 1961 2144 quem
2000 2094 2229 2143 Draegerus,
2271 2093 2375 2133 haud
2416 2094 2493 2133 scio
2532 2107 2580 2134 an

368 2169 523 2217 rectius,
551 2169 747 2209 relationis
776 2169 957 2221 appellat,
986 2168 1099 2215 modi,
1129 2168 1297 2218 originis,
1328 2168 1540 2218 qualitatis.

474 2243 730 2282 Accusativus
757 2244 853 2282 item
882 2243 1067 2282 dividitur
1098 2242 1138 2280 in
1175 2253 1253 2280 acc.
1293 2242 1523 2292 quantitatis
1566 2243 1604 2280 et
1646 2242 1855 2291 qualitatis.
1923 2243 2014 2280 Acc.
2057 2241 2287 2291 quantitatis
2328 2252 2410 2281 esse
2450 2243 2579 2292 potest

368 2318 601 2368 quantitatis
630 2319 700 2356 aut
727 2317 944 2356 extensivae
964 2320 1033 2355 aut
1054 2317 1278 2362 intensivae,
1299 2316 1543 2354 accusativus
1563 2317 1791 2365 quantitatis
1811 2318 2028 2355 extensivae
2049 2317 2233 2355 dividitur
2252 2317 2291 2353 in
2311 2327 2387 2354 acc.
2410 2316 2577 2364 regionis

368 2393 408 2429 et
433 2390 724 2442 progressionis.
778 2390 868 2428 Acc.
895 2390 1061 2440 regionis
1090 2392 1150 2428 est
1184 2401 1274 2436 acc„
1312 2389 1379 2439 qui
1408 2389 1559 2435 dicitur,
1588 2389 1672 2436 loci,
1711 2401 1785 2440 quo
1814 2390 2009 2440 pertinent
2037 2390 2201 2428 maxime
2230 2389 2385 2427 nomina
2411 2389 2575 2437 urbium,

366 2466 593 2512 insularum,
622 2467 826 2510 terrarum,
856 2464 992 2502 deinde
1020 2463 1172 2501 domum
1192 2462 1365 2513 (danaos),
1396 2475 1472 2502 acc.
1493 2464 1662 2513 pendens
1682 2476 1704 2502 a
1715 2475 1852 2511 prope,
1873 2464 1975 2514 quod
1999 2475 2277 2512 nonnunquam
2305 2465 2436 2502 tamen
2460 2464 2578 2502 etiam

367 2538 417 2577 ad
438 2539 592 2589 tempus
611 2538 787 2584 refertur,
802 2535 981 2585 propior,
997 2536 1177 2584 propius,
1190 2536 1412 2584 proximus,
1434 2535 1627 2583 pros-ime,
1656 2549 1733 2576 acc.
1762 2538 1836 2576 loci
1864 2538 2034 2588 pendens
2063 2549 2086 2575 a
2114 2537 2239 2575 verbis
2266 2549 2356 2578 ,cum
2386 2537 2585 2587 praeposi--

367 2612 537 2652 tionibus
555 2610 619 2658 ad,
639 2610 695 2657 in,
714 2610 830 2656 inter,
851 2609 932 2656 sub,
955 2611 1068 2648 trans
1087 2612 1320 2662 compositis,
1340 2611 1515 2660 denique,
1544 2623 1632 2650 cum
1655 2624 1677 2650 a
1698 2611 1905 2651 rarioribus
1934 2611 2166 2662 quibusdam
2185 2610 2414 2657 discesseris,
2434 2611 2576 2650 locutio

366 2683 523 2735 infitias
540 2684 610 2724 ire.
656 2687 746 2726 Ace.
767 2685 1047 2737 progressionis
1075 2685 1345 2737 complectitur
1374 2695 1452 2725 acc.
1481 2685 1598 2736 spatii
1626 2688 1666 2725 et
1694 2685 1890 2737 temporis,
1910 2697 2072 2737 quorum
2091 2687 2251 2735 uterque
2280 2684 2576 2726 continuitatem

366 2760 446 2799 sive
484 2760 785 2812 perpetuitatem
812 2760 1003 2810 exprimit.
1059 2759 1105 2798 In
1132 2759 1350 2798 accusativo
1371 2759 1554 2809 temporis
1575 2760 1692 2798 etiam
1711 2760 1743 2798 is
1772 2759 2131 2799 commemorandus
2155 2760 2227 2805 est,
2248 2758 2313 2809 qui
2331 2760 2421 2810 post
2445 2757 2576 2807 pridie

365 2835 406 2874 et
416 2831 611 2882 postridie
628 2834 796 2884 ponitur,
818 2845 916 2885 quae
937 2845 1059 2881 voces,
1079 2835 1124 2873 ut
1146 2835 1250 2873 recte
1274 2833 1397 2873 censit
1424 2833 1644 2884 Madvigius
1669 2845 1830 2884 gramm.
1850 2835 1917 2874 lat.
1939 2847 1974 2885 p.
1995 2835 2084 2881 230,
2104 2833 2430 2885 praepositionum
2454 2833 2576 2874 instar

364 2909 616 2959 usurpantur.
671 2907 847 2947 Pertinet
868 2908 945 2947 huc
973 2908 1090 2947 etiam
1118 2909 1159 2948 et
1186 2908 1323 2947 similis
1352 2909 1412 2947 est
1439 2908 1691 2954 accusativus,
1721 2909 1786 2958 qui
1808 2909 1922 2958 vulgo
1942 2920 2114 2957 graecus,
2135 2919 2158 2946 a
2175 2906 2415 2947 Kuehnastio
2444 2910 2576 2948 autem

363 2995 401 3033 p.
430 2982 505 3021 151
536 2994 615 3021 acc.
644 2981 976 3021 determinationis
1004 2983 1234 3033 appellatur,
1266 2980 1381 3027 nihil,
1419 2980 1583 3030 aliquid,
1616 2982 1761 3031 ecquid,
1792 2982 1837 3019 id
1862 2983 2016 3027 aetatis,
2045 2981 2113 3019 hoc
2138 2980 2271 3026 noctis,
2298 2992 2415 3029 secus,
2443 2982 2575 3030 pondo

363 3054 542 3107 (XXVII,
565 3056 602 3104 4,
623 3056 647 3096 9
671 3056 786 3094 terna
806 3054 939 3105 pondo
951 3057 1119 3105 paterae
1140 3067 1296 3102 aureae,
1317 3054 1391 3106 aL),
1409 3054 1537 3102 vicem,
1557 3057 1733 3102 ceterum,
1753 3057 1889 3096 cetera.
1935 3057 1996 3097 Ad
2016 3067 2093 3096 acc.
2115 3055 2343 3106 quantitatis
2362 3056 2574 3097 intensivae

362 3130 561 3182 pertinent
586 3127 764 3175 multum,
784 3127 893 3177 plus,
913 3127 1147 3178 plurimum,
1174 3131 1378 3179 quantum,
1397 3131 1562 3176 tantum,
1591 3129 1832 3177 tantundem,
1859 3130 2121 3180 aliquantum,
2142 3128 2324 3177 paulum,
2347 3142 2574 3180 parumper.
