2761 3481
1274 267 1325 304 23

194 405 296 446 hanc
323 403 553 456 particulam
592 402 862 442 adscendatur.
915 402 943 450 i)
971 401 1011 460 si⁴
1044 400 1135 440 iam.
1199 400 1241 452 k)
1272 403 1517 452 coniungitur
1557 402 1638 440 iam
1676 416 1763 441 cum
1800 405 1844 439 ut
1879 404 2106 442 concessivo.
2172 404 2202 450 l)
2229 403 2307 441 iam
2335 417 2402 454 per

196 478 431 530 anaphoram
458 475 653 515 interdum
680 476 878 528 repetitur.
934 474 988 523 m)
1015 474 1096 514 iam
1124 476 1317 516 interdum
1345 475 1541 516 insolitam
1569 475 1686 516 habet
1714 476 2014 517 collocationem.

300 553 475 591 Aliorum
501 552 768 601 adverbiorum
796 561 1050 589 commemoro
1088 551 1203 589 haec:
1249 549 1373 598 Quam
1401 548 1440 600 a)
1469 550 1673 601 respondet
1709 535 1917 601 particulae
1955 552 2279 591 demonstrativae
2308 553 2399 589 tam.

195 624 238 675 b)
266 626 367 664 Raro
395 636 512 672 quam
540 625 746 674 respondet
781 636 1003 675 praegresso
1042 626 1188 661 tantus.
1244 624 1382 670 XXVI,
1422 625 1456 670 1,
1496 626 1531 663 3.
1586 623 1780 669 XXXVII,
1810 625 1870 669 51,
1900 627 1934 664 9.
1988 626 2066 672 XL,
2096 628 2158 672 46,
2187 626 2223 664 4.
2280 626 2398 664 Drak.

196 699 244 738 ad
272 698 343 745 ΙΠ,
373 700 433 745 63,
462 699 497 737 3.
554 696 591 748 c)
620 711 895 749 nonnunquam
932 699 969 737 in
999 699 1119 738 altero
1159 699 1331 738 membro
1371 699 1451 735 tam
1489 698 1689 737 omittitur.
1745 697 1787 747 d)
1816 699 2059 748 coniungitur
2096 712 2185 738 cum
2224 700 2399 750 positivis

196 772 471 811 adiectivorum
498 773 558 810 vel
586 772 862 811 adverbiorum.
919 773 953 822 e)
982 785 1070 813 cum
1099 773 1339 825 superlativis
1368 772 1644 812 adiectivorum
1672 774 1711 812 et
1740 772 2016 813 adverbiorum.
2071 772 2104 823 f)
2133 773 2273 814 Rarius
2307 786 2400 814 con-

196 847 370 895 iungitur
396 858 512 893 quam
542 859 629 885 cuin
658 847 792 885 verbis.
847 847 917 893 III,
937 848 997 892 45,
1020 848 1051 885 1.
1105 848 1151 893 X,
1175 848 1233 893 19,
1263 848 1297 884 8.
1353 847 1474 893 XXII,
1503 847 1563 893 49,
1593 847 1627 884 4.
1683 846 1801 892 XXX,
1830 847 1890 893 44,
1921 848 1980 885 11.
2034 847 2248 896 XXXVIII,
2276 848 2337 896 57,
2363 849 2398 888 8.

195 920 235 970 g)
264 920 510 969 coniungitur
546 933 635 960 cum
673 921 951 970 negationibus.
1007 920 1050 970 h)
1080 921 1209 970 Longe
1248 920 1557 970 frequentissime
1595 933 1713 968 quam
1755 922 1928 970 sequitur
1964 924 2240 972 comparativos
2279 926 2318 962 et
2354 935 2399 962 ea

195 994 321 1040 verba,
359 1005 457 1044 quae
497 994 815 1044 significationem
850 996 994 1034 habent
1036 995 1298 1044 comparativi.
1352 995 1380 1041 i)
1409 994 1532 1042 »mais
1570 995 1628 1033 vel
1665 994 1802 1042 potius
1842 1008 2115 1047 nonnunquam
2155 999 2243 1035 ante
2280 1009 2396 1044 quam

196 1068 398 1107 omittitur.
463 1068 501 1115 k)
529 1079 646 1116 quum
684 1069 859 1118 sequitur
897 1069 1110 1108 numeralia
1148 1069 1268 1117 iisque
1307 1070 1490 1116 cognatas
1530 1069 1716 1107 notiones.
1780 1069 1848 1114 III,
1885 1070 1918 1116 8,
1947 1073 1969 1109 2
2008 1072 2121 1110 tertio
2159 1071 2219 1109 die
2258 1084 2395 1121 quam;

196 1142 345 1192 duplex,
373 1141 576 1193 multiplex
613 1154 749 1193 quam;
791 1143 910 1194 pridie
954 1155 1090 1193 quam,
1132 1142 1333 1181 dimidium
1371 1142 1551 1189 militum,
1592 1154 1708 1192 quam
1734 1143 1834 1193 quod
1863 1145 1955 1189 etc.;
1996 1156 2137 1194 paucos
2176 1147 2265 1195 post
2304 1144 2396 1192 dies,

196 1227 311 1264 quam
339 1217 409 1254 etc.
474 1217 503 1263 l)
531 1227 651 1264 aeque
679 1228 806 1264 quam.
861 1215 917 1266 m)
946 1216 1001 1252 sic
1028 1238 1079 1242 —
1106 1228 1223 1264 quam
1260 1228 1336 1255 uno
1375 1216 1457 1254 1000
1498 1216 1689 1266 reperitur
1716 1216 1780 1262 IX,
1816 1218 1876 1263 36,
1904 1218 1938 1255 6.
1999 1216 2041 1266 n)
2068 1228 2185 1264 quam
2222 1219 2397 1268 sequitur

194 1301 405 1338 pronomen
442 1288 548 1326 alius
583 1292 621 1328 et
659 1301 778 1336 voces,
819 1302 914 1340 quae
955 1290 1042 1329 inde
1082 1290 1286 1336 ducuntur,
1327 1289 1444 1328 etiam
1481 1289 1519 1328 in
1549 1289 1788 1329 affirmativis
1825 1291 2031 1330 sententiis.
2085 1288 2125 1341 0)
2155 1288 2264 1329 haud
2289 1303 2397 1330 secus

194 1374 322 1411 quam.
370 1362 411 1415 p)
442 1365 617 1415 sequitur
645 1376 754 1404 voces
778 1366 902 1410 extra,
923 1364 1042 1410 iutra,
1054 1366 1228 1413 praeter,
1245 1365 1465 1412 praeterea,
1489 1364 1663 1413 insuper,
1686 1363 1806 1402 ultra.
1856 1365 1895 1415 q)
1917 1367 2006 1402 aute
2023 1377 2152 1414 quam.
2198 1364 2234 1416 r)
2257 1366 2397 1415 oppido

194 1450 321 1487 quam.

300 1511 407 1550 Adeo
436 1513 472 1560 a)
493 1513 769 1565 amplificatam
798 1515 1060 1553 condicionem
1089 1517 1128 1554 et
1155 1526 1238 1553 rem
1259 1514 1307 1553 ad
1326 1516 1475 1553 certum
1496 1515 1661 1564 aliquem
1680 1526 1883 1553 numerum
1902 1515 1961 1553 vel
1988 1514 2150 1564 gradum
2173 1518 2395 1566 provectam

196 1590 234 1627 et
272 1590 427 1627 auctam
464 1589 575 1627 notat
612 1588 753 1637 (Hand.
793 1589 953 1628 Tursell.
1010 1589 1038 1636 I,
1067 1603 1103 1640 p.
1136 1589 1236 1636 139).
1293 1589 1332 1636 b)
1361 1588 1448 1627 Non
1487 1591 1663 1628 mutatur
1704 1589 1940 1639 significatio,
1982 1590 2013 1629 si
2052 1590 2204 1640 negatio
2242 1590 2396 1630 additur

197 1661 309 1712 (adeo
337 1663 443 1709 nihil,
482 1663 575 1701 adeo
604 1664 707 1711 non).
774 1664 809 1711 0)
845 1663 938 1701 adeo
980 1664 1179 1702 notionem
1220 1663 1338 1702 habet
1380 1663 1623 1701 intensivam.
1688 1663 1901 1712 Distinguit
1937 1663 2038 1701 enim
2077 1664 2125 1710 id,
2163 1665 2266 1713 quod
2305 1668 2396 1704 ante

196 1737 324 1775 omnia
353 1739 532 1776 accurate
562 1739 600 1776 et
627 1737 792 1776 maxime
821 1737 1075 1788 spectandum
1104 1738 1154 1776 sit
1192 1739 1260 1776 aut
1299 1737 1338 1775 in
1377 1737 1505 1786 aliqua
1544 1749 1584 1776 re
1621 1749 1853 1786 magnopere
1892 1737 1950 1775 vel
1987 1738 2233 1787 potissimum
2271 1740 2398 1777 valeat

194 1810 334 1858 (Hand.
364 1823 400 1861 p.
433 1811 534 1859 143).
590 1812 630 1859 d)
659 1812 775 1851 etiam
811 1811 850 1849 id
888 1811 1088 1861 significat,
1133 1810 1234 1861 quod
1276 1823 1390 1861 super
1427 1810 1586 1849 modum
1623 1810 1777 1849 additur
1805 1814 1855 1864 *et
1894 1813 2040 1862 praeter
2076 1814 2203 1851 cetera
2230 1813 2394 1851 nimium

195 1885 342 1924 accedit
370 1884 512 1934 (Hand.
542 1897 577 1936 p.
610 1884 713 1937 150).

299 1958 528 1996 Admodum.
584 1961 618 2007 a)
647 1962 703 1998 De
733 1961 1011 2009 significatione
1039 1959 1153 1998 huius
1183 1959 1350 1997 adverbii
1386 1960 1483 1997 bene
1520 1959 1695 2009 exposuit
1732 1959 1905 1997 Handius
1942 1959 1970 2006 Ι,
1998 1971 2033 2010 p.
2063 1959 2148 2006 168,
2188 1959 2253 2009 qui
2284 1959 2396 1999 docet

194 2033 234 2072 in
261 2033 333 2073 hac
361 2035 635 2085 compositione
664 2035 987 2085 praepositionem
1006 2033 1060 2071 ad
1076 2034 1244 2072 indicare
1271 2045 1382 2084 posse
1403 2036 1442 2072 et
1463 2033 1513 2079 id,
1533 2034 1633 2082 quod
1660 2034 1817 2071 accedat
1844 2036 1883 2072 et
1909 2035 2138 2083 provehatur
2156 2034 2205 2071 ad
2223 2033 2393 2080 modum,

195 2108 234 2146 et
261 2106 311 2155 id,
340 2107 441 2158 quod
470 2109 620 2160 praeter
656 2108 814 2148 modum
852 2107 1020 2155 accedat,
1063 2108 1118 2147 ita
1154 2109 1199 2147 ut
1235 2107 1348 2147 modo
1382 2120 1450 2158 per
1490 2106 1599 2152 satis,
1641 2107 1753 2146 modo
1797 2120 1864 2158 per
1900 2106 2008 2145 valde
2045 2108 2225 2158 explicari
2262 2109 2394 2158 possit.

194 2181 234 2228 b)
263 2182 511 2221 coniunctum
539 2194 627 2221 cum
657 2184 935 2233 negationibus.
987 2181 1021 2229 c)
1042 2182 1289 2221 coniunctum
1309 2194 1398 2220 cum
1417 2181 1636 2220 nominibus
1656 2193 1855 2219 numerum
1875 2181 1934 2219 vel
1953 2182 2105 2232 tempus
2133 2181 2395 2221 indicantibus

195 2254 315 2304 (mille
356 2255 560 2294 admodum
599 2256 765 2302 XXVII,
805 2257 865 2301 30,
905 2257 928 2293 2
964 2272 1018 2287 -ε
1053 2269 1131 2295 non
1166 2257 1294 2294 minus
1332 2268 1469 2306 quam;
1522 2256 1660 2301 XXXI,
1698 2256 1757 2301 37,
1803 2256 1849 2292 12
1892 2256 2040 2290 eentum
2074 2253 2243 2301 ferme
2278 2255 2394 2303 capti,

195 2328 384 2378 octoyessnta
422 2330 700 2369 admodum,
728 2329 859 2369 ornata·
912 2346 964 2362 z
991 2331 1216 2375 minimum;
1244 2332 1376 2369 contra
1403 2329 1536 2376 XLIV,
1567 2331 1627 2376 43,
1648 2330 1671 2368 8
1699 2328 1901 2366 admodum
1931 2327 2065 2377 viye'nti
2092 2345 2144 2361 =
2172 2331 2394 2378 summum).

300 2405 357 2443 De
386 2404 551 2443 formula
578 2416 626 2441 en
653 2416 836 2452 umquam
862 2404 946 2443 vide
976 2404 1089 2444 Gron.
1117 2404 1166 2443 ad
1194 2404 1312 2451 XXX,
1336 2405 1397 2451 21,
1418 2405 1451 2450 8,
1474 2404 1540 2453 qui
1568 2403 1683 2442 dicit:
1712 2403 1874 2442 formula
1902 2405 1961 2441 est
1987 2403 2234 2442 vehementer
2253 2406 2395 2454 optan-

195 2477 293 2516 tium
312 2464 390 2528 ‘per
417 2479 760 2528 interrogationem
788 2480 855 2517 aut
883 2478 999 2516 etiam
1026 2478 1321 2528 indignantium,
1351 2477 1397 2516 cf.
1426 2478 1552 2516 Hand.
1582 2478 1740 2515 Turseli.
1771 2477 1819 2523 ΙΙ,
1849 2489 1884 2527 p.
1913 2477 1999 2515 371.

300 2550 421 2590 Immo
448 2565 726 2602 nonnunquam
754 2552 921 2592 secundo
949 2553 1032 2591 1000
1061 2552 1227 2603 ponitur.

298 2625 417 2665 Modo
444 2627 654 2677 particulae
674 2627 903 2676 significatio
924 2626 1113 2676 quomodo
1134 2638 1157 2664 a
1176 2627 1419 2666 substantivo
1447 2624 1581 2663 modus
1609 2625 1781 2664 ducenda
1809 2625 1871 2671 sit,
1899 2625 1994 2663 bene
2023 2625 2200 2675 exposuit
2218 2626 2396 2666 Handius

194 2698 234 2737 in
260 2700 419 2740 Tursell.
446 2700 517 2747 IH,
536 2714 572 2751 p.
594 2702 671 2740 628
691 2713 745 2751 sq.
800 2701 837 2748 a)
860 2699 966 2738 modo
991 2700 1189 2749 restringit
1215 2700 1424 2746 notionem,
1453 2700 1546 2738 dum
1573 2711 1653 2738 rem
1683 2699 1833 2737 cohibet
1861 2700 1901 2737 et
1929 2699 1976 2737 ab
1997 2699 2082 2737 aliis
2102 2699 2163 2738 vel
2184 2700 2397 2739 maioribus

194 2772 254 2811 vel
281 2772 440 2813 diversis
469 2774 645 2814 secludit.
701 2774 799 2814 Cum
827 2774 1051 2825 pronomine
1088 2773 1246 2813 relativo
1285 2774 1536 2814 coniunctum
1573 2771 1892 2823 significationem
1930 2772 2189 2812 universalem
2216 2774 2400 2814 adsciscit

193 2844 420 2895 quicumque
447 2849 508 2886 vel
534 2849 831 2898 restringentem
857 2847 926 2897 qui
952 2847 1117 2896 quidem,
1146 2859 1235 2886 cum
1262 2848 1488 2898 imperativo
1518 2845 1766 2886 admonitioni
1798 2845 1985 2885 maiorem
2012 2845 2091 2885 vim
2118 2846 2240 2887 addit.
2296 2848 2335 2896 b)
2363 2847 2399 2885 si

192 2918 299 2957 nwdo
325 2920 391 2967 IV,
421 2922 480 2968 19,
509 2924 544 2960 3.
599 2922 780 2968 XXVIII,
809 2924 843 2968 8,
871 2923 906 2959 4.
960 2921 1177 2968 XXXVIII,
1206 2923 1267 2968 56,
1297 2923 1331 2960 1.
1385 2921 1560 2966 XXXIX,
1591 2921 1629 2966 1,
1658 2920 1691 2957 1.
1747 2919 1783 2966 c)
1809 2917 1918 2956 modo
1945 2934 1998 2951 =
2025 2919 2248 2960 dummodo.
2290 2920 2398 2960 niodo

192 3000 242 3028 ne
268 2991 337 3040 HI,
365 2994 426 3041 32,
456 2995 477 3034 7
517 2997 556 3035 et
583 2996 667 3035 aliis
705 2996 810 3035 locis.
865 2994 907 3045 d)
934 2995 981 3034 de
1019 2996 1191 3046 tempore
1228 2995 1379 3042 dicitur,
1422 2994 1585 3033 maxime
1627 3005 1681 3039 e0,
1724 2992 1826 3043 quod
1863 2993 2035 3044 proxime
2063 2995 2274 3046 praeteriit,
2301 3006 2399 3034 non-

192 3075 391 3116 nunquam
417 3069 536 3110 etiam
563 3070 610 3109 de
637 3069 841 3110 remotiore
867 3069 1074 3119 aliquanto.
1129 3069 1187 3109 De
1214 3065 1384 3120 tempore
1413 3068 1581 3120 proxime
1610 3067 1865 3117 subsequente
1892 3067 2034 3116 XXVI,
2065 3069 2126 3117 15,
2154 3069 2204 3108 13
2223 3085 2278 3102 =
2295 3071 2407 3120 post-·

192 3139 317 3188 modo,
347 3153 382 3180 v.
410 3142 473 3182 W.
502 3145 543 3182 et
567 3144 694 3183 Hand.
723 3156 760 3195 p.
790 3145 878 3183 646.
934 3143 970 3192 e)
999 3144 1114 3183 modo
1143 3164 1192 3171 -—
1221 3143 1347 3183 modo.
1402 3140 1437 3192 f)
1465 3142 1522 3181 De
1549 3152 1628 3179 uon
1653 3139 1760 3178 modo
1789 3143 1926 3191 agetur
1952 3141 1993 3181 in
2020 3154 2113 3182 voce
2139 3153 2229 3181 mm.
