2761 3481
1360 259 1383 299 5

275 396 444 435 Tantwm
461 398 573 447 longe
592 398 767 448 plurimis
786 398 879 436 locis
897 397 937 435 in
957 408 1042 435 eam
1062 408 1101 435 se
1121 397 1308 435 convertit
1327 397 1657 446 significationem,
1672 399 1717 436 ut
1735 398 1786 437 sit
1808 410 1876 449 pro
1895 399 2085 446 adverbio,
2102 411 2180 451 qua
2197 401 2479 451 significatione

272 472 428 511 additur
455 472 573 511 etiam
600 472 861 510 numeralibus
881 469 993 519 (duos
1020 471 1185 516 tantum,
1209 470 1332 507 um'us
1358 472 1513 508 tantum
1540 470 1717 509 criminis
1745 471 1845 520 eta).
1900 473 2073 523 Denique
2100 475 2296 524 pertinent
2322 476 2370 514 ad
2399 487 2478 516 acc.

271 546 546 597 progressionis
574 545 690 585 etiam
719 545 899 584 adverbia
926 544 1276 594 comparativorum
1312 545 1351 583 et
1379 544 1697 594 superlativorum
1726 546 1935 584 accusativi
1963 546 2125 586 formam
2151 548 2347 596 habentia,
2374 549 2480 588 velut

270 629 460 657 summum
487 619 607 668 (XXI,
636 620 698 665 35,
719 620 743 658 9
772 620 812 657 et
839 618 922 657 aliis
950 617 1071 666 locis).
1103 638 1151 644 —
1179 617 1238 656 Ad
1267 628 1343 656 acc.
1372 617 1568 667 qualitatis
1597 619 1763 669 primum
1792 621 1945 670 spectat
1971 620 2020 666 is,
2047 621 2112 670 qui
2148 621 2278 672 stirpis
2306 622 2479 662 eiusdem

271 695 311 731 et
339 693 496 741 originis
525 695 584 731 est
611 695 726 741 atque
755 693 914 730 verbum
942 690 1116 737 (facinus
1142 690 1272 737 facere
1300 693 1338 728 et
1366 691 1534 740 similia),
1577 694 1645 729 aut
1686 693 1798 729 verbo
1839 695 2025 741 cognatae
2063 694 2366 742 significationis,
2409 698 2480 734 aut

270 779 480 817 pronomen
508 763 616 815 (haec
642 765 678 804 si
705 764 897 814 iridiynor,
929 763 979 810 id,
1015 763 1126 813 quod,
1162 763 1268 813 quid,
1304 763 1468 813 aliquid,
1505 764 1705 813 quidquid,
1742 764 1872 814 nihil).
1940 766 2141 806 Proximus
2182 772 2241 808 est
2281 781 2359 809 acc.
2389 773 2479 820 post

270 840 387 880 verba
415 839 627 880 affectuum
655 840 816 891 positus,
844 841 891 879 ut
916 836 1084 885 horrere,
1114 837 1256 884 timere,
1285 836 1427 887 luyere,
1456 837 1578 887 queri,
1617 837 1767 886 deflere.
1823 839 1972 879 Deinde
2010 841 2184 891 sequitur
2220 842 2401 893 supinum
2436 844 2477 883 in

269 924 361 953 um
390 916 579 962 desinens,
609 915 781 964 denique,
825 914 890 963 qui
933 924 1090 964 campus
1132 915 1191 952 est
1232 913 1419 951 latissime
1461 915 1608 963 patens,
1649 913 1772 963 quivis
1815 913 2057 953 accusativus
2101 914 2286 955 liberioris
2328 916 2477 957 obiecti.

269 987 469 1026 Postremo
498 988 638 1037 duplex
666 988 908 1026 accusativus
936 987 1167 1037 spectandus
1196 987 1280 1025 erit.

375 1061 422 1100 In
452 1061 699 1100 describendo
728 1059 857 1099 dativo
884 1061 1038 1100 initium
1066 1062 1136 1099 fiat
1173 1072 1196 1099 a
1235 1060 1313 1098 dat.
1351 1060 1561 1109 qualitatis.
1626 1061 1789 1099 Dativus
1831 1073 1918 1099 cum
1960 1062 2145 1100 remotius
2183 1062 2374 1101 obiectum
2412 1075 2476 1102 ex-

269 1135 413 1185 primat
441 1134 490 1183 (v.
521 1120 622 1185 synt.
652 1134 763 1173 Lucr.
791 1146 826 1185 p.
857 1133 936 1184 39),
966 1134 1068 1184 quod
1096 1134 1275 1172 effectum
1303 1133 1464 1172 actionis
1493 1133 1617 1185 dicere
1645 1134 1781 1185 possis,
1820 1134 2011 1185 passivam
2050 1134 2174 1184 magis
2208 1137 2277 1175 aut
2309 1136 2475 1176 activam

271 1209 592 1257 significationem
620 1209 760 1247 habere
789 1211 927 1258 potest,
957 1209 1136 1258 quoniam
1167 1208 1325 1246 effectus
1352 1208 1416 1245 ille
1444 1208 1613 1246 vicissim
1651 1210 1810 1246 verbum
1846 1210 2002 1259 respicit
2038 1212 2078 1247 et
2115 1210 2192 1247 vim
2226 1221 2336 1248 suam
2364 1211 2404 1248 in
2431 1222 2475 1249 00

270 1284 433 1322 exercet.
491 1282 625 1322 Prouti
653 1284 783 1322 autem
812 1283 879 1321 aut
905 1282 1056 1333 passiva
1085 1285 1153 1322 aut
1181 1282 1306 1321 activa
1334 1281 1565 1330 significatio
1603 1283 1727 1330 magis
1756 1283 1962 1332 conspicua
1998 1285 2058 1321 est
2095 1285 2134 1321 et
2160 1285 2365 1333 praevalet,
2400 1285 2476 1323 dis-

270 1356 396 1406 tingui
432 1357 561 1408 potest
589 1356 689 1396 inter
716 1355 890 1394 dativum
926 1355 1082 1404 effectus
1121 1358 1160 1396 et
1196 1354 1275 1393 dat.
1304 1353 1521 1405 eueryicum
1540 1353 1720 1407 (δοτικὴν
1740 1352 1990 1408 ὁυιάμικήν).
2033 1356 2095 1396 Ad
2122 1357 2293 1397 dativum
2317 1357 2476 1399 effectus

269 1431 465 1480 pertinent
492 1430 610 1469 dativi
638 1431 832 1469 coniuncti
860 1442 948 1469 cum
976 1430 1101 1469 verbis
1133 1427 1339 1474 consulere,
1367 1439 1516 1474 vacare,
1544 1428 1697 1474 nubere,
1725 1430 1861 1467 auctor
1895 1440 1992 1475 sum,
2021 1430 2242 1478 temperare,
2269 1430 2476 1479 moderari,

262 1503 514 1550 persuadere,
542 1503 727 1548 invidere,
755 1503 885 1550 fidere,
914 1503 1088 1548 adulari,
1117 1503 1253 1547 deesse,
1282 1502 1501 1547 obtrectare,
1529 1502 1661 1549 favere
1689 1505 1728 1541 et
1755 1504 2097 1542 innumerabilibus
2126 1504 2219 1549 aliis,
2257 1516 2332 1554 quo
2360 1506 2478 1555 perti—

269 1578 363 1617 nent
390 1577 507 1617 etiam
534 1577 650 1617 verba
691 1577 817 1624 dandi,
860 1577 1064 1624 adimendi,
1107 1577 1343 1623 detrahendi,
1379 1577 1547 1625 negandi
1584 1579 1624 1616 et
1651 1577 1817 1627 plurima
1844 1577 2032 1616 adiectiva
2060 1590 2147 1617 cum
2175 1579 2302 1616 dativo
2330 1580 2475 1618 iuncta.

268 1651 357 1690 Huc
393 1651 542 1691 accedit
563 1651 653 1703 fiat.
694 1652 884 1691 commodi
919 1653 957 1691 et
994 1650 1226 1690 incommodi
1267 1650 1453 1691 latissime
1498 1650 1646 1701 patenti
1688 1650 1977 1700 significatione,
2015 1651 2149 1691 itidem
2194 1651 2271 1692 dat.
2313 1652 2475 1693 ethicus.

268 1725 442 1774 Denique
470 1725 717 1773 coniungitur
745 1725 896 1763 dativus
925 1724 1084 1763 effectus
1112 1724 1167 1762 rei
1195 1723 1311 1762 etiam
1339 1735 1429 1762 cum
1456 1724 1582 1762 verbis
1610 1734 1701 1769 esse,
1738 1723 1844 1768 dare,
1881 1724 1929 1762 ad
1968 1736 2083 1774 quem
2120 1725 2343 1776 plerumque
2378 1726 2476 1765 alter

269 1800 422 1838 dativus
450 1811 635 1849 personae
664 1800 822 1838 accedit.
851 1821 902 1826 —
930 1800 1094 1837 Dativus
1128 1799 1326 1847 energicus
1365 1800 1534 1848 primum
1573 1800 1606 1836 is
1650 1801 1720 1845 est,
1764 1800 1829 1847 qui
1870 1811 1959 1836 cum
1999 1800 2113 1837 verbo
2140 1810 2218 1836 esse
2246 1801 2473 1840 coniunctus

267 1873 419 1925 proprie
446 1886 706 1924 possessorem
734 1873 921 1924 exprimit,
952 1872 1087 1912 deinde
1116 1872 1267 1912 dativus
1295 1873 1486 1923 participii
1515 1871 1853 1922 (descendentibus,
1883 1884 1969 1910 vere
1994 1872 2218 1910 aestimanti
2251 1874 2350 1920 etc),
2388 1878 2474 1914 tum

269 1948 409 2000 duplex
437 1948 590 1988 dativus
619 1948 847 1987 coniunctus
875 1959 963 1987 cum
991 1945 1088 1994 licet,
1116 1944 1212 1985 milii
1239 1957 1376 1985 nomen
1403 1947 1459 1985 est
1487 1959 1515 1987 s.
1546 1945 1709 1985 inditur.
1764 1946 1924 1987 Accedit
1950 1946 2102 1987 dativus
2131 1947 2356 1988 coniunctus
2385 1961 2474 1989 cum

267 2023 392 2062 verbis
420 2023 591 2073 passivis,
632 2022 806 2072 inprimis
850 2022 1034 2071 gerundio
1073 2023 1111 2060 et
1145 2022 1366 2070 gerundivo,
1405 2022 1568 2072 denique
1600 2022 1724 2060 multa
1761 2022 1957 2069 adiectiva‚
1996 2022 2101 2061 velut
2130 2022 2278 2069 matus,
2311 2021 2474 2069 invisus,

266 2095 389 2142 utilis,
416 2095 560 2144 facilis,
588 2095 753 2145 iynotus,
793 2097 1045 2143 opportunus,
1075 2096 1160 2134 alia.
1190 2117 1238 2122 —
1268 2096 1429 2134 Dativus
1467 2097 1694 2145 quantitatis
1730 2097 1898 2146 primum
1934 2098 2088 2147 ponitur
2123 2098 2348 2136 coniunctus
2385 2109 2475 2136 cnm

266 2171 485 2211 notionibus
514 2169 821 2221 propinquitatis,
852 2182 926 2219 quo
956 2169 1152 2220 pertinent
1172 2168 1433 2217 propinqum,
1454 2168 1632 2217 propior,
1653 2168 1869 2217 proximus,
1906 2171 2065 2209 verbum
2094 2169 2376 2218 propinquare,
2404 2170 2475 2209 ad-

264 2243 371 2294 finis,
401 2244 624 2284 adverbium
652 2242 776 2282 iuxta.
832 2243 979 2283 Deinde
1009 2243 1162 2283 dativus
1192 2243 1420 2294 quantitatis
1449 2245 1518 2291 est,
1538 2244 1601 2295 qui
1628 2244 1800 2295 sequitur
1817 2244 1992 2284 notiones
2011 2243 2194 2284 miscendi
2222 2246 2261 2283 et
2290 2245 2476 2296 iungendi

266 2331 310 2358 ac
349 2320 504 2365 similes,
540 2320 589 2357 ad
624 2330 720 2369 quas
758 2319 946 2357 accedunt
982 2318 1147 2368 plurima
1180 2318 1296 2356 verba
1333 2318 1544 2368 composita
1572 2330 1661 2356 cum
1688 2319 2031 2369 praepositionibus
2068 2319 2153 2364 1001,
2185 2319 2293 2357 velut
2324 2317 2389 2364 ad,
2417 2318 2474 2364 in,

264 2391 379 2438 inter,
407 2391 488 2439 sub,
516 2402 645 2441 super,
674 2392 768 2439 aliis,
798 2392 852 2431 ita
879 2393 1019 2439 tamen,
1048 2393 1093 2431 ut
1120 2402 1197 2431 non
1226 2402 1377 2443 semper
1403 2403 1516 2431 verus
1552 2392 1670 2439 locus,
1706 2392 1773 2431 sed
1800 2404 2076 2443 nonnunquam
2104 2392 2223 2431 etiam
2251 2403 2321 2443 per
2347 2395 2475 2433 meta·

265 2467 427 2517 phoram
454 2467 674 2506 intellectus
702 2466 901 2505 indicetur.
957 2466 1130 2515 Denique
1159 2465 1312 2504 dativus
1341 2466 1571 2515 quantitatis
1610 2469 1670 2505 est
1707 2467 1861 2506 iunctus
1899 2467 2115 2505 notionibus
2145 2466 2408 2506 similitudinis
2436 2469 2477 2506 et

264 2541 511 2591 aequalitatis
539 2551 746 2590 earumque
774 2531 985 2586 contrariis,
1014 2538 1165 2584 similia
1194 2537 1408 2584 dissimilis,
1429 2550 1523 2586 par,
1536 2539 1705 2587 pariter,
1734 2539 1883 2588 dispar,
1906 2538 2093 2588 aequalis,
2112 2550 2272 2588 aequus,
2292 2551 2476 2590 aequare,

263 2614 530 2662 aequiperare.
585 2615 672 2653 Huc
702 2615 849 2653 accedit
876 2615 1082 2662 superstes,
1110 2614 1210 2663 quod
1240 2614 1287 2651 de
1315 2616 1487 2664 tempore
1516 2614 1664 2652 dicitur.

370 2688 578 2729 Genetivus
598 2689 779 2729 dividitur
797 2690 837 2728 in
857 2688 1111 2728 subiectivum
1130 2689 1170 2727 et
1189 2687 1432 2734 obiectivum,
1451 2689 1612 2738 uterque
1641 2689 1781 2728 iterum
1800 2689 1838 2727 in
1858 2700 1940 2737 gen.
1955 2688 2185 2737 quantitatis
2204 2690 2244 2727 et
2263 2689 2473 2738 qualitatis.

263 2762 324 2801 Ad
342 2773 427 2812 gen.
442 2762 697 2813 subjectivum
717 2763 944 2813 quantitatis
964 2762 1132 2813 primum
1151 2761 1318 2812 pertinet
1336 2773 1422 2812 gen.
1440 2763 1658 2813 partitivus,
1680 2762 1814 2802 deinde
1834 2773 1918 2812 gen.
1932 2762 2054 2801 totius
2074 2762 2177 2812 quod
2196 2763 2322 2802 mensi
2341 2775 2475 2803 sumus

264 2834 546 2887 (quadrayinta
573 2835 723 2875 talenta
749 2836 915 2887 ary-euti,
936 2834 1125 2886 pocillum
1151 2834 1280 2882 mulsi,
1298 2847 1484 2885 maynum
1509 2835 1701 2884 frumeuti
1726 2847 1931 2874 numerum
1958 2834 2061 2886 etc),
2090 2837 2140 2875 ad
2167 2848 2255 2887 gen.
2276 2838 2474 2886 qualitatis

264 2912 462 2960 genetivus
481 2923 666 2964 personae
685 2912 746 2950 vel
765 2912 828 2960 rei,
845 2912 952 2950 cuius
972 2911 1117 2962 aliquid
1136 2911 1335 2963 proprium
1354 2913 1414 2951 est
1433 2909 1588 2963 (operae
1607 2912 1673 2958 est,
1688 2908 2012 2961 operaepretium
2030 2911 2086 2949 est
2105 2910 2197 2962 etc.)
2214 2913 2254 2952 et
2271 2913 2473 2962 genetivus

263 2987 504 3033 possessoris.
560 2986 768 3026 Genetivus
789 2986 999 3025 obiectivus
1019 2985 1248 3036 quantitatis
1278 2985 1548 3035 complectitur
1564 2985 1784 3035 genetivum
1802 2995 2005 3024 mensurae
2025 2983 2222 3034 (coronam
2240 2984 2364 3034 parvi
2373 2997 2475 3035 pon—

263 3053 369 3095 deris
387 3045 489 3108 etc),
510 3061 730 3110 genetivum
749 3060 872 3111 pretii,
898 3060 1119 3109 genetivum
1136 3059 1322 3098 materiae
1339 3058 1411 3108 (sic
1424 3058 1476 3107 II,
1493 3060 1554 3106 64,
1566 3060 1590 3097 3
1608 3058 1781 3108 inqentes
1796 3081 1845 3086 -
1853 3058 2031 3107 praedas
2048 3057 2247 3098 hominum
2270 3071 2475 3109 pecorum-

263 3140 336 3177 que
363 3131 465 3181 etc.).
510 3132 720 3173 Genetivus
748 3134 946 3184 qualitatis
975 3136 1044 3173 aut
1070 3134 1277 3184 respondet
1304 3134 1471 3172 ablativo
1499 3133 1698 3183 qualitatis
1717 3130 1964 3181 (vehementis
1991 3132 2142 3182 inqenii
2169 3132 2257 3183 vir),
2284 3136 2354 3173 aut
2382 3145 2473 3173 con·
