2761 3481
1355 269 1380 308 3

266 408 338 454 est,
364 407 405 447 in
432 399 509 457 qua
538 406 698 456 utraque
725 406 833 445 notio
862 406 1026 445 eundem
1054 406 1248 445 ambitum
1274 405 1427 453 habeat,
1454 407 1523 445 aut
1550 405 1743 456 partitiva.
1799 405 1987 445 Partitiva
2020 403 2207 456 (primum
2232 406 2307 445 hoc
2333 417 2476 445 nomen

265 481 417 522 invenio
451 480 554 531 apud
594 478 770 519 Schneid.
804 480 853 519 ad
891 479 998 520 Caes.
1027 481 1063 519 b.
1092 479 1190 520 Gall.
1230 493 1266 531 p.
1296 481 1381 527 117,
1411 480 1477 530 qui
1513 480 1629 531 paulo
1668 480 1811 518 rectius
1846 480 2076 530 partientem
2112 493 2197 519 eam
2233 478 2364 528 vocat)
2391 491 2475 519 esse

266 556 396 606 potest
423 554 492 593 aut
518 552 771 600 distributiva,
800 565 876 602 qua
903 554 1030 592 totum
1057 565 1125 604 per
1152 554 1434 604 appositionem
1461 554 1501 591 in
1529 554 1658 603 partes
1688 564 1778 591 suas
1807 552 2002 599 dividitur,
2031 555 2099 592 aut
2117 554 2340 593 adiunctiva
2362 552 2474 601 (bene

265 629 339 669 hoc
364 638 487 678 genus
514 627 674 678 primus,
702 626 776 666 nisi
804 626 925 674 fallor,
954 627 1130 667 distinxit
1156 627 1378 678 Kruegerus
1413 628 1453 666 in
1492 627 1745 677 grammatica
1783 625 1948 676 graeca),
1988 639 2063 677 qua
2100 628 2174 667 toti
2200 629 2357 667 tantum
2385 637 2476 678 pars

266 713 311 741 ex
339 701 497 740 adverso
526 701 681 751 ponitur
707 701 764 739 ita
790 702 836 739 ut
864 702 991 739 totum
1018 701 1200 740 adiuncta
1219 703 1329 752 parte
1349 701 1458 751 quasi
1481 701 1697 751 corrigatur
1724 702 1763 739 et
1781 701 2047 751 restringatur.
2102 702 2162 740 Ad
2181 701 2475 741 collocationem

267 775 368 826 quod
396 775 551 822 attinet,
578 787 856 825 nonnunquam
885 776 1074 826 appositio
1103 778 1193 815 ante
1232 788 1317 815 eam
1343 776 1540 815 notionem
1576 776 1744 826 ponitur,
1784 787 1881 825 quae
1923 776 2140 814 definienda
2175 778 2243 815 est.
2298 776 2474 826 Denique

267 849 646 890 commemorandum
685 852 761 897 est,
798 862 1074 900 nonnunquam
1112 851 1394 901 appositionem
1434 851 1603 901 proxime
1646 850 1789 889 distare
1830 862 1852 888 a
1889 850 2167 899 significatione
2204 851 2473 901 praedicativa.

268 922 495 974 Exemplum
523 935 609 975 app.
637 924 905 964 distributivae
934 925 993 963 est
1019 924 1067 971 ΙΙ,
1098 925 1182 972 28,1
1207 923 1318 973 plebs
1346 946 1394 951 —
1417 935 1519 971 pars
1547 948 1596 953 —
1617 935 1731 972 pars,
1765 924 2005 963 adiunctivae
2033 923 2137 970 XXI,
2165 925 2253 970 243
2283 922 2395 962 Galli
2421 945 2473 952 —

266 995 418 1045 aliquot
437 995 591 1045 populi,
619 997 714 1036 item
742 997 862 1045 XXX,
891 998 952 1045 3‚9
980 996 1179 1035 Numidae
1207 1020 1255 1025 -—
1277 1009 1379 1046 pars
1406 996 1591 1043 maxima,
1620 1010 1653 1036 v.
1672 997 1734 1036 W.
1763 999 1845 1044 etc.,
1874 998 2046 1048 exempla
2073 997 2323 1048 appositionis
2351 998 2472 1038 totius

266 1071 542 1110 enuntiationis
584 1072 651 1118 IV,
683 1072 770 1118 17‚4
806 1083 887 1108 rem
923 1070 1206 1116 incredibilem;
1248 1073 1337 1119 34,6
1364 1083 1445 1109 rem
1482 1083 1601 1120 aeque
1633 1070 1837 1119 difficilem
1872 1073 1988 1120 atque
2021 1070 2281 1109 incredibilem
2321 1073 2392 1110 etc.
2421 1092 2472 1098 —-

265 1144 425 1184 Praeter
452 1146 762 1185 coniunctionem
790 1158 878 1185 cum
906 1147 1080 1196 genetivo
1118 1147 1236 1185 etiam
1270 1147 1354 1185 aliis
1381 1147 1506 1185 modis
1534 1158 1655 1184 unum
1693 1147 1977 1185 substantivum
2012 1158 2100 1184 cum
2137 1147 2259 1185 altero
2287 1147 2327 1185 in
2354 1158 2473 1185 unam

264 1218 462 1258 nationem
490 1221 680 1268 coalescit,
707 1222 752 1260 ut
779 1219 830 1267 Π,
859 1221 949 1267 23,4
977 1218 1172 1266 cimtrices
1197 1218 1358 1258 adverso
1378 1221 1554 1268 pectore,·
1590 1220 1713 1267 XXII,
1742 1220 1855 1266 61,13
1890 1218 2052 1257 Romam
2087 1218 2316 1270 adventum,
2349 1220 2470 1269 XXV,

265 1296 355 1342 33‚4
381 1293 531 1331 reditus
557 1293 734 1339 domum;
761 1294 920 1341 XXXII,
948 1295 1034 1341 32‚9
1056 1306 1182 1342 prope
1209 1293 1399 1331 Nicaeam
1426 1292 1544 1339 litus,·
1577 1295 1626 1333 ib.
1655 1295 1743 1341 39,4
1770 1292 1942 1331 hibernis
1971 1275 2160 1342 Corcyrae
2186 1297 2225 1334 et
2253 1307 2351 1345 quae
2379 1297 2472 1334 sunt

265 1368 346 1409 eius
374 1369 522 1419 generis
551 1370 724 1419 exempla
752 1369 902 1408 similia.
935 1390 981 1395 ——
1012 1368 1227 1419 Separatim
1254 1370 1346 1408 sunt
1374 1368 1576 1408 tractanda
1609 1369 1851 1408 substantiva
1878 1369 2055 1415 verbalia,
2084 1369 2250 1419 primum
2280 1381 2335 1416 ea,
2373 1381 2472 1419 quae

263 1442 430 1494 primam
462 1442 757 1482 declinationem
796 1443 995 1493 sequentia
1034 1442 1074 1481 in
1106 1452 1139 1481 a
1168 1442 1350 1482 desinunt
1386 1441 1541 1491 (pastor
1572 1440 1712 1489 accola,
1754 1440 1864 1480 exule
1897 1440 2058 1488 advena,
2092 1440 2202 1490 plebs
2229 1441 2471 1492 transfuya),

264 1516 400 1555 deinde
427 1517 467 1555 in
495 1517 555 1554 tor
583 1517 808 1564 desinentia,
838 1529 934 1567 quae
963 1529 985 1556 a
1013 1517 1118 1555 Livio
1147 1528 1259 1567 saepe
1288 1529 1377 1556 cum
1404 1528 1489 1566 gen.
1519 1517 1716 1564 obiectivo,
1746 1528 1858 1567 saepe
1887 1517 2001 1555 etiam
2036 1517 2311 1556 adiectivorum
2350 1518 2473 1557 instar

263 1602 353 1629 cum
381 1591 481 1630 alliis
510 1592 774 1638 substantivis,
804 1592 898 1630 adeo
927 1592 1148 1638 abstractis,
1177 1591 1482 1641 coniunguntur:
1518 1603 1607 1630 cum
1643 1592 1756 1630 verbo
1793 1601 1874 1627 csse
1910 1592 2114 1630 coniuncta
2147 1592 2472 1632 circumscribunt

262 1664 456 1703 notionem
484 1665 599 1712 verbi,
629 1665 676 1704 cf.
707 1663 889 1703 liberator
917 1664 1102 1713 populus,
1136 1664 1294 1703 animus
1320 1687 1371 1692 -—
1398 1663 1627 1703 adhortator
1654 1665 1736 1714 (IX,
1767 1664 1881 1714 132),
1915 1663 2077 1702 domitor
2109 1665 2326 1711 exerc-itu&
2361 1677 2470 1704 nemo

262 1738 342 1776 tam
368 1737 501 1786 famae
527 1739 759 1786 contemptor
785 1740 852 1776 est.
908 1739 1159 1779 Substantiva
1195 1739 1362 1779 verbalia
1398 1739 1438 1777 in
1474 1739 1524 1777 io
1552 1739 1730 1779 exeuntia
1762 1741 1896 1778 utrum
1932 1739 2055 1777 act-iva
2091 1751 2141 1778 an
2177 1740 2329 1790 passiva
2356 1740 2471 1790 signi·

262 1811 442 1852 ficatione
470 1816 656 1864 usurpata
683 1814 906 1864 accipienda
935 1814 1024 1861 sint,
1052 1826 1131 1853 non
1159 1816 1218 1853 est
1254 1814 1295 1852 in
1339 1807 1432 1864 ipsis
1475 1814 1657 1864 positum,
1699 1814 1767 1853 sed
1807 1813 1950 1863 pendet
1986 1825 2029 1852 ex
2062 1825 2105 1852 eo
2134 1814 2390 1861 substantivo,
2418 1813 2468 1853 ad

264 1885 366 1935 quod
393 1887 493 1925 actio
522 1898 653 1925 eorum
680 1887 879 1926 referenda
907 1889 974 1926 est.
1036 1888 1209 1938 Denique
1249 1887 1370 1927 subst.
1409 1887 1510 1926 verb.
1546 1887 1587 1925 in
1614 1896 1677 1927 us
1715 1886 1937 1933 desinentia,
1980 1898 2076 1937 quae
2110 1887 2344 1926 concordant
2379 1898 2469 1926 cum

262 1959 397 2009 supino
425 1961 540 2007 verbi,
570 1973 657 1999 cum
685 1962 797 2000 verbo
827 1962 1066 2000 substantivo
1095 1973 1174 1999 esse
1202 1961 1407 2000 coniuncta
1435 1961 1660 2000 facultatem
1689 1962 1916 2011 exprimunt,
1945 1963 1988 1999 ut
2016 1962 2044 2007 I,
2066 1962 2153 2007 56,3
2173 1960 2240 1998 ubi
2265 1971 2363 1998 usus
2388 1972 2469 1998 non

261 2033 383 2078 esset;
409 2033 459 2081 II,
487 2035 573 2081 65‚2
601 2036 775 2082 receptus
802 2033 904 2082 fuit;
931 2034 977 2082 X,
1005 2035 1121 2081 34,10
1148 2033 1252 2072 unde
1280 2057 1330 2062 —-
1357 2034 1653 2082 circumspectus
1679 2036 1775 2072 esset
1803 2037 1872 2074 etc.

366 2106 413 2146 In
441 2107 566 2159 capite
594 2108 761 2147 secundo
790 2108 1015 2148 tractandus
1045 2109 1116 2149 erit
1142 2120 1326 2149 numerus
1360 2109 1703 2149 substantivorum.
1760 2108 1933 2148 Primum
1966 2107 2169 2157 singularis
2203 2120 2315 2159 saepe
2353 2108 2471 2148 habet

261 2179 581 2230 significationem
610 2165 850 2221 collectivam
878 2182 1018 2231 (vestis,
1040 2182 1171 2230 pedes
1209 2193 1332 2231 eques‘,
1369 2181 1490 2228 miles,
1528 2181 1659 2228 hostis,
1697 2194 1837 2227 remeat,
1880 2180 1989 2227 later,
2026 2179 2153 2226 telum,
2191 2180 2309 2227 abies,
2350 2181 2469 2228 aries,

260 2253 438 2302 capillus,
473 2253 624 2301 hastile,
657 2255 773 2305 ylans
812 2256 909 2305 etc.).
974 2257 1103 2296 Etiam
1138 2258 1296 2296 nomina
1330 2259 1504 2307 gentium
1542 2258 1763 2308 saepissime
1798 2269 1820 2295 a
1859 2257 1962 2295 Livio
2000 2256 2038 2294 in
2080 2256 2266 2305 singulari
2307 2268 2469 2296 numero

260 2327 539 2378 significatione
567 2330 766 2369 collectiva
792 2332 1041 2380 usurpantur,
1071 2343 1158 2369 cum
1186 2343 1262 2381 quo
1290 2336 1364 2371 usu
1398 2344 1476 2370 non
1504 2330 1795 2370 confundendus
1824 2332 1883 2369 est
1919 2330 1973 2376 is,
2001 2341 2074 2379 quo
2112 2330 2290 2381 princeps
2319 2330 2397 2370 sive
2425 2331 2470 2378 is,

260 2402 326 2451 qui
353 2405 507 2453 praeest
540 2405 693 2455 populo,
733 2405 967 2453 designatur.
1030 2405 1091 2443 Ad
1130 2406 1370 2445 collectivam
1406 2406 1727 2454 significationem
1770 2404 1971 2453 singularis
2013 2404 2182 2453 proxime
2224 2415 2269 2442 ea
2310 2406 2471 2452 accedit,

260 2487 377 2525 quam
405 2477 641 2517 abstractam
669 2478 792 2529 possis
821 2478 956 2526 dicere,
987 2491 1063 2529 qua
1089 2479 1146 2517 nil
1172 2479 1246 2518 nisi
1274 2479 1358 2529 ipsa
1387 2480 1492 2518 notio
1522 2478 1752 2518 substantivi
1788 2479 1994 2528 spectatur,
2033 2477 2134 2526 quod
2170 2478 2399 2529 plerumque
2426 2480 2471 2517 fit

260 2550 410 2589 ratione
446 2551 579 2591 habita
613 2553 881 2603 complurium,
923 2552 971 2592 de
1008 2552 1147 2602 quibus
1190 2552 1475 2592 substantivum
1510 2553 1606 2592 illud
1644 2552 1794 2591 dicitur.
1826 2572 1872 2577 -
1900 2549 1947 2589 In
1983 2551 2180 2590 nonnullis
2214 2552 2470 2592 substantivis

260 2632 353 2662 usus
381 2622 563 2665 Livianus
592 2627 769 2665 accurate
797 2626 1001 2676 distinguit
1028 2626 1128 2665 inter
1155 2626 1281 2676 signif.
1302 2627 1506 2677 singularis
1526 2628 1565 2665 et
1584 2626 1740 2677 pluralis
1761 2623 1879 2673 (ord0,
1902 2622 2147 2671 supplicatio,
2166 2623 2301 2671 mim,
2328 2625 2470 2672 cervix,

259 2694 511 2744 frumentum,
548 2699 682 2748 qratia
721 2699 822 2749 etc),
862 2700 1023 2739 aliorum
1058 2701 1190 2738 contra
1219 2700 1315 2749 sing.
1352 2701 1391 2739 et
1426 2701 1586 2751 pluralis
1626 2711 1648 2738 a
1682 2699 1786 2737 Livio
1826 2709 1937 2748 saepe
1978 2698 2195 2748 promiscue
2232 2702 2472 2751 usurpantur

261 2766 452 2816 (fortuna,
482 2770 721 2821 Pyrenaeus,
748 2772 854 2821 finis,
883 2774 1122 2817 commeatus,
1149 2784 1310 2810 manum
1338 2775 1378 2812 et
1404 2784 1547 2810 manus
1573 2783 1777 2816 conserere,
1806 2770 1991 2819 conferre,
2010 2770 2238 2818 subsidium,
2261 2771 2470 2819 auxilium,

260 2851 329 2890 ops
355 2843 459 2894 eta).
506 2846 653 2887 Deinde
677 2847 718 2887 in
745 2847 929 2897 singulari
950 2847 1305 2887 commemorandae
1331 2850 1446 2887 erunt
1472 2848 1770 2893 coniunctiones,
1800 2847 1932 2897 quales
1960 2848 2054 2886 sunt
2072 2844 2220 2897 legione
2237 2847 2407 2886 secunda
2424 2859 2471 2886 ac

263 2915 393 2964 tertia,
408 2919 585 2968 primam
602 2932 649 2960 ac
667 2921 824 2961 tertiam
845 2920 1040 2972 leyionem.
1086 2922 1252 2963 Pluralis
1274 2923 1417 2963 dicitur
1435 2924 1504 2962 aut
1522 2922 1567 2961 de
1586 2922 1845 2972 compluribus
1872 2921 1987 2961 rebus
2006 2923 2076 2961 aut
2098 2922 2147 2962 de
2166 2923 2327 2973 singulis
2348 2924 2469 2975 parti·

261 2989 335 3030 bus
363 2992 536 3035 eiusdem
562 2997 618 3036 rei
647 2998 715 3036 aut
742 3000 848 3037 certa
867 2998 1034 3047 quadam
1053 2998 1334 3046 significatione
1356 3010 1379 3037 a
1399 2997 1523 3045 signif.
1552 2996 1755 3044 singularis
1775 2996 1947 3035 eiusdem
1966 2998 2201 3035 substantivi
2229 2998 2379 3036 diversa
2406 2998 2469 3045 (de

262 3074 338 3115 quo
364 3065 451 3107 vide
478 3066 557 3109 iam
576 3067 723 3122 supra),
742 3082 1019 3122 nonnunquam
1047 3071 1163 3112 etiam
1182 3070 1405 3123 ῥητορικῶς
1431 3072 1640 3121 usurpatur
1658 3070 1706 3110 ad
1726 3070 2049 3120 significationem
2068 3071 2272 3121 singularis
2289 3083 2470 3122 exagger-

262 3136 413 3188 andam,
441 3140 605 3196 denique
631 3146 1021 3195 commemorandum,
1048 3158 1097 3187 ne
1124 3146 1281 3187 nomina
1307 3144 1460 3198 propria
1488 3143 1643 3195 quidem
1680 3146 1719 3185 et
1747 3145 1945 3186 abstracta
1973 3158 2103 3188 carere
2130 3158 2290 3187 munero
2318 3146 2467 3198 plurali.

2285 3219 2319 3250 1*
