2882 3593
1490 269 1540 309 26

405 407 438 453 s)
466 405 799 444 Drakenborchius
834 405 882 442 ad
919 405 1096 450 XXXVI,
1126 406 1189 450 21,
1218 407 1242 442 3
1271 405 1377 452 (post
1408 417 1632 452 paucosque
1670 405 1773 455 dies)
1810 407 1920 444 haec>
1943 408 2077 445 habet:
2106 408 2260 453 „Livius
2299 406 2518 445 encliticam
2544 417 2619 454 que

402 477 671 519 'indifferentur
696 489 800 517 nunc
826 477 868 517 in
895 477 1005 517 initio
1035 478 1219 518 orationis
1247 479 1321 529 ipsi
1350 480 1632 529 praepositioni,
1668 493 1772 519 nunc
1799 482 1884 519 voci
1917 482 2122 530 proximae,
2160 493 2258 530 quae
2295 471 2618 530 praepositionem

398 551 588 603 sequitur,
616 550 848 590 subiunxit“.
904 550 1099 602 Exemplis
1128 551 1227 591 hanc
1255 551 1294 591 in
1322 564 1405 592 rem
1424 564 1447 592 a
1466 553 1582 593 Drak.
1603 552 1733 593 allatis
1759 552 1980 603 quindecim
2007 554 2140 601 habeo,
2170 566 2267 605 quae
2295 553 2434 593 addere
2461 552 2617 604 possim.

508 633 649 683 Atque,
678 644 725 671 ac
753 635 1087 674 coniunctionibus
1117 633 1156 685 a)
1185 636 1398 675 secundum
1430 636 1628 676 Handium
1668 637 1708 676 in
1741 637 1956 677 Tursellino
1983 637 2014 685 Ι,
2043 651 2080 689 p.
2109 640 2185 678 458
2213 640 2387 679 notiones
2426 640 2466 677 et
2498 648 2619 676 enun-

398 709 584 747 tiationes
612 708 711 746 duae
740 709 891 757 aequali
921 709 1142 748 condicione
1172 710 1228 747 ita
1257 712 1554 759 componuntur,
1580 712 1637 748 *ut
1664 711 1865 759 utriusque
1894 711 2065 759 aequalis
2094 712 2262 760 dignitas
2291 707 2538 761 exprimatur,
2573 711 2619 749 ut

402 782 456 832 (p.
487 779 581 830 459)
609 781 707 819 duae
736 793 797 819 res
815 782 1135 831 aequiparentur.
1192 782 1230 827 b)
1259 792 1315 826 ac,
1344 783 1460 829 atque
1489 782 1699 832 particulae
1729 782 1916 821 definiunt
1943 795 2025 822 rem
2056 785 2272 823 accuratius
2292 785 2358 831 (=
2378 785 2416 822 et
2434 783 2615 833 quidem).

400 855 438 903 c)
468 853 720 904 Coniungunt
747 855 820 893 hae
842 855 1061 905 'particulae
1091 856 1326 904 singularem
1364 856 1559 894 notionem
1598 867 1686 894 cum
1725 855 1903 904 generali.
1969 857 2008 904 d)
2045 858 2172 906 atque,
2211 868 2258 894 ac
2296 857 2618 907 significationem

402 929 482 967 fere
523 928 673 967 habent
714 923 943 978 particulae‘l
965 928 1238 967 adversativae.
1307 928 1341 975 e)
1380 930 1496 975 atque
1524 945 1577 960 =
1605 928 1747 966 statim.
1812 926 1846 975 f)
1880 930 1997 977 atque
2034 952 2084 957 —-
2120 930 2286 979 quidem.
2358 928 2398 980 g)
2438 940 2484 967 ac
2525 941 2616 967 non.

401 1000 447 1053 h)
478 1002 641 1041 Variant
668 1002 770 1040 inter
797 1014 836 1040 se
864 1012 910 1038 ac
938 1006 977 1040 et
1005 1003 1086 1040 aut.
1143 1003 1169 1048 i)
1197 1003 1313 1049 atque
1341 1001 1455 1038 etiam
1486 1002 1554 1048 III,
1575 1003 1636 1048 46,
1658 1004 1701 1047 9;
1730 1002 1865 1047 XLIV,
1889 1004 1950 1048 22,
1972 1005 2005 1041 8.
2033 1005 2149 1052 atque
2176 1004 2276 1041 adeo·
2292 1003 2408 1041 etiam
2434 1004 2480 1049 X,
2501 1005 2536 1050 5,
2558 1004 2617 1041 14.

400 1075 444 1124 k)
473 1076 677 1115 Ponuntur
704 1075 774 1114 hae
803 1075 1015 1126 particulae
1044 1076 1083 1114 in
1113 1076 1466 1126 comparationibus
1505 1078 1544 1115 et
1580 1075 1823 1125 aequalitatis
1864 1078 1903 1114 et
1941 1076 2174 1117 diversitatis
2212 1091 2256 1117 ac
2284 1078 2616 1118 dissimilitudinis.

401 1149 436 1200 1)
464 1161 511 1187 ac
538 1150 569 1188 si
598 1149 732 1198 exiguo
762 1148 961 1188 intervallo
990 1149 1048 1188 bis
1078 1150 1137 1188 vel
1166 1152 1226 1188 ter
1264 1150 1429 1200 ponitur,
1470 1162 1547 1189 non
1586 1162 1736 1201 semper
1771 1151 1843 1188 hoc
1878 1150 1932 1188 ita
1959 1152 2016 1197 fit,
2054 1154 2099 1191 ut
2136 1152 2346 1202 particulae
2383 1152 2456 1191 sibi
2482 1152 2617 1190 mutuo

402 1224 672 1273 respondeant.
728 1223 783 1267 m)
811 1224 927 1269 atque
956 1221 1040 1270 (ac)
1071 1223 1247 1271 sequitur
1287 1224 1322 1258 et
1362 1223 1552 1273 particula
1592 1219 1635 1258 ἐκ
1666 1218 1934 1272 παραλλήλου
1964 1224 2091 1273 posita
2119 1224 2300 1271 XXVIII,
2330 1226 2363 1272 5,
2394 1225 2454 1272 16,
2483 1224 2619 1264 itidem

403 1297 528 1343 XXII,
558 1298 592 1335 3.
622 1298 656 1334 3.
712 1296 798 1334 Alia
826 1296 925 1334 ratio
955 1298 1014 1334 est
1042 1296 1091 1334 ib.
1123 1298 1144 1343 ξ
1173 1298 1208 1333 2.
1265 1297 1306 1342 n)
1335 1299 1568 1345 respondent
1597 1298 1669 1334 sibi
1698 1299 1833 1334 mutuo
1863 1297 1938 1334 duo
1972 1300 2145 1335 membra
2182 1310 2250 1346 per
2276 1310 2322 1333 ac
2351 1302 2389 1337 et
2416 1310 2489 1346 que
2517 1299 2619 1336 elata

403 1369 543 1417 XXXI,
572 1370 634 1416 27,
664 1371 699 1408 3.

510 1451 646 1490 Etiam
683 1452 721 1500 a)
750 1452 991 1502 significatio.
1056 1452 1095 1499 b)
1125 1465 1214 1492 cum
1251 1454 1509 1503 comparativo
1550 1453 1809 1491 coniunctum.
1866 1452 1903 1501 c)
1939 1464 2024 1489 cum
2053 1476 2101 1480 —
2131 1456 2210 1490 tum
2252 1455 2380 1492 etiam.
2436 1455 2475 1502 d)
2502 1454 2620 1492 etiam

404 1528 452 1567 de
481 1530 665 1577 tempore.
722 1525 758 1575 e)
787 1526 1084 1566 Coniunctiones
1121 1539 1200 1565 non
1236 1526 1356 1572 modo,
1396 1539 1474 1565 mm
1512 1525 1644 1571 solum,
1682 1538 1759 1563 mm
1798 1527 1952 1563 tantum
1992 1528 2165 1576 sequitur
2192 1528 2257 1565 sed
2284 1528 2411 1566 etiam.
2467 1527 2617 1568 Omisso

404 1600 473 1639 sed
511 1590 635 1640 solum
674 1600 789 1637 etiam
830 1601 1000 1651 positum
1043 1603 1102 1639 est
1144 1601 1285 1647 XXIV,
1330 1603 1391 1648 42,
1423 1602 1470 1639 12
1500 1610 1555 1650 sq.
1625 1600 1833 1639 Nonnullis
1870 1600 1964 1639 locis
2004 1599 2121 1638 etiam
2158 1602 2361 1652 praecedit.
2432 1602 2464 1650 f)
2493 1601 2619 1640 retiam

404 1677 521 1724 atque
548 1675 674 1712 etiam.

515 1759 671 1807 Quoque
699 1761 735 1806 a)
765 1760 1004 1809 significatio.
1061 1760 1100 1807 b)
1129 1758 1239 1797 leodic
1267 1770 1426 1807 quoque.
1485 1760 1519 1805 c)
1551 1758 1630 1805 ipse
1658 1769 1816 1806 quoque.
1873 1758 1911 1805 d)
1939 1769 2087 1806 quoque
2123 1759 2235 1796 enim.
2291 1760 2325 1807 e)
2353 1771 2500 1808 quoque
2527 1772 2618 1799 con—

405 1835 582 1873 iunctum
611 1845 700 1872 cum
729 1834 992 1872 enuntiatione
1021 1836 1200 1882 negante.
1258 1833 1485 1881 Negationis
1514 1833 1637 1870 instar
1665 1835 1723 1871 est
1752 1832 1976 1870 adverbium
2004 1844 2118 1880 aeqre
2146 1833 2285 1878 XLIII,
2315 1835 2376 1879 21,
2407 1835 2440 1872 7.
2482 1833 2513 1880 f)
2541 1844 2620 1870 non

405 1906 526 1952 mwdo,
554 1918 634 1943 non
662 1905 796 1950 solum,
825 1917 904 1942 uon
943 1907 1108 1952 tantum,
1146 1906 1212 1943 sed
1248 1917 1406 1954 quoque,
1452 1917 1728 1955 nonnunquam
1763 1905 1893 1944 ordine
1932 1905 2094 1951 inverso,
2137 1906 2181 1943 ut
2217 1917 2365 1953 quoque
2401 1906 2617 1956 praecedat.

408 1982 448 2031 g)
477 1990 625 2029 quoque
654 1980 755 2030 apud
784 1979 933 2017 Livium
962 1991 1241 2029 nonnunquam
1270 1979 1488 2018 liberiorem
1516 1979 1634 2018 habet
1663 1978 1965 2018 collocationem.

515 2055 811 2092 Coniunctiones
840 2054 1115 2092 adversativae.
1171 2054 1258 2097 Ast,
1287 2055 1331 2089 at
1359 2054 1396 2099 a)
1426 2055 1582 2103 opponit
1610 2065 1692 2091 rem
1721 2053 1798 2091 sive
1828 2053 2062 2090 sententiam
2081 2052 2271 2089 diversam
2292 2053 2349 2090 vel
2377 2053 2618 2091 contrariam.

407 2128 449 2176 b)
477 2127 727 2167 coniunctum
766 2138 854 2165 cum
891 2127 1179 2175 pronominibus
1218 2127 1497 2177 personalibus.
1573 2127 1607 2173 c)
1646 2127 1802 2177 ponitur
1840 2126 1880 2164 in
1915 2126 2074 2175 apodosi
2109 2119 2417 2164 enuntiationum
2454 2127 2617 2165 maxime

409 2201 740 2241 condicionalium.
789 2200 827 2247 d)
847 2200 1001 2250 ponitur
1028 2201 1068 2239 in
1097 2201 1222 2249 figura
1242 2201 1446 2245 rhetorica,
1477 2211 1593 2248 quam
1611 2200 1740 2239 Latini
1760 2199 2034 2250 occupationis,
2056 2199 2192 2238 Graeci
2219 2194 2439 2249 ὑποφορᾶς
2465 2200 2619 2238 nomine

408 2275 642 2323 significant,
673 2286 705 2311 v.
735 2273 860 2311 Hand.
891 2273 1001 2312 Turs.
1031 2274 1060 2318 Ι,
1090 2287 1124 2324 p.
1155 2275 1232 2312 433
1262 2286 1342 2323 sqq.
1401 2274 1435 2321 e)
1464 2274 1506 2309 at
1535 2272 1647 2309 enim.

515 2368 592 2406 Sed
628 2370 665 2415 a)
702 2369 819 2406 habet
857 2369 933 2405 vim
977 2369 1197 2407 secludendi
1241 2372 1280 2406 et
1323 2369 1554 2414 secernendi,
1593 2381 1626 2406 v.
1657 2369 1784 2407 Hand.
1814 2368 1977 2407 Tursell.
2017 2367 2046 2415 Ι,
2089 2380 2124 2418 p.
2155 2367 2241 2405 425.
2306 2367 2345 2415 b)
2381 2366 2449 2405 sed
2482 2369 2621 2406 tamen.

408 2446 444 2490 c)
472 2443 541 2480 sed
566 2443 788 2491 repetitum.
845 2443 883 2483 d)
914 2443 960 2479 de
997 2454 1086 2485 non,
1129 2454 1206 2478 non
1246 2441 1381 2485 solam,
1417 2453 1496 2477 non
1534 2443 1697 2486 tantum,
1740 2453 1819 2478 non
1856 2440 1964 2477 modo
2000 2440 2118 2490 (non)
2157 2441 2404 2489 sequentibus
2443 2439 2519 2486 sed,
2556 2440 2624 2479 sed

409 2517 538 2561 etiam,
568 2516 636 2554 sed
661 2528 820 2562 quoque,
849 2514 917 2552 sed
942 2528 990 2552 ne
1017 2516 1169 2562 quidem
1197 2517 1282 2553 vide
1313 2528 1452 2564 supra..

515 2610 814 2649 Coniunctiones
854 2611 1116 2649 disiunctivae.
1180 2612 1252 2646 aut
1282 2610 1319 2659 a)
1349 2611 1420 2645 aut
1450 2632 1498 2635 —
1527 2612 1608 2646 aut.
1665 2612 1705 2658 b)
1733 2612 1805 2646 aut
1834 2631 1884 2636 —
1912 2612 1984 2646 aut
2022 2610 2163 2648 dicitur
2199 2609 2316 2646 etiam
2354 2609 2394 2647 in
2432 2610 2624 2648 sententia

408 2685 587 2734 negante,
617 2685 695 2729 aut,
727 2683 828 2733 quod
866 2684 1001 2723 eodem
1040 2685 1217 2735 pertinet,
1260 2684 1299 2723 in
1338 2684 1638 2733 interrogatione
1678 2685 1738 2723 vel
1777 2687 1866 2734 post
1902 2695 2020 2732 quam
2057 2682 2308 2734 praecedente
2350 2684 2622 2733 comparativo.

409 2758 447 2805 c)
475 2756 580 2804 Quae
610 2760 670 2796 est
699 2769 822 2806 aequa
849 2758 946 2795 ratio
984 2770 1111 2796 rerum
1150 2758 1433 2796 disiunctarum
1472 2757 1510 2795 in
1540 2757 1682 2808 duplici
1711 2758 1794 2802 aut,
1835 2769 1880 2796 ea
1907 2757 2040 2807 iniqua
2068 2759 2138 2802 est,
2174 2756 2293 2794 semel
2321 2755 2352 2795 si
2382 2757 2548 2806 ponitur,
2583 2759 2624 2796 et

408 2842 499 2870 cum
527 2831 566 2868 in
603 2831 761 2870 alterius
798 2831 927 2869 locum
965 2832 1129 2870 alterum
1167 2831 1438 2877 substituatur,
1480 2833 1607 2881 potest
1643 2832 1737 2870 illud
1775 2832 1904 2882 ipsum
1941 2842 2009 2881 pro
2047 2829 2228 2881 primario
2262 2829 2404 2877 haberi,
2448 2829 2549 2869 unde
2578 2830 2625 2870 fit

407 2905 634 2956 plerumque
663 2904 871 2943 descensus
895 2916 922 2962 *a
949 2905 1093 2944 maiore
1122 2906 1170 2944 ad
1193 2906 1335 2950 minus,
1365 2904 1420 2942 ita
1448 2905 1492 2942 ut
1520 2904 1680 2955 simplex
1698 2905 1771 2941 aut
1799 2904 2125 2953 significationem
2154 2902 2399 2942 nanciscatur
2416 2902 2624 2941 autetiam
2646 2957 2648 2960 .

407 2977 460 3029 (v.
487 2978 614 3016 Hand.
642 2978 671 3023 I,
699 2989 734 3027 p.
763 2978 867 3026 535).
924 2979 964 3026 d)
992 2980 1064 3015 aut
1088 2994 1142 3010 =
1169 2978 1349 3027 alioquin.
1407 2977 1442 3025 e)
1469 2978 1540 3014 aut
1568 2979 1627 3016 est
1655 2978 1881 3027 corrigentis
1919 2980 1959 3016 et
1985 2989 2068 3016 rem
2105 2976 2274 3014 exactius
2312 2975 2541 3024 definientis,
2570 2994 2623 3010 =

408 3053 479 3091 aut
506 3051 646 3101 potius.
700 3051 732 3098 f)
760 3050 927 3101 Simplex
954 3053 1026 3088 aut
1053 3052 1253 3101 coniungit
1280 3062 1394 3101 saepe
1423 3051 1539 3089 etiam
1568 3063 1623 3097 ea,
1663 3062 1761 3101 quae
1790 3051 1966 3101 aequalia
1993 3053 2033 3089 et
2061 3049 2176 3088 unius
2205 3049 2355 3099 generis
2384 3051 2496 3089 sunt:
2524 3062 2624 3090 non-

405 3137 609 3175 nunquam
636 3126 709 3165 hoc
737 3127 791 3165 ita
818 3127 873 3172 fit,
902 3128 947 3166 ut
974 3138 1096 3165 unum
1125 3138 1246 3175 genus
1275 3126 1314 3164 in
1344 3137 1433 3165 suas
1462 3127 1590 3175 partes
1619 3125 1813 3164 dividatur
1840 3124 1906 3175 (cf.
1935 3125 2062 3164 Hand.
2091 3137 2127 3174 p.
2149 3125 2226 3162 540
2245 3123 2331 3174 sq.).
2387 3125 2428 3175 g)
2456 3124 2626 3176 Simplex
