2882 3593
408 402 487 443 sive
513 401 554 443 id
582 403 642 442 est
669 401 913 449 attributum,
943 400 1021 441 sive
1049 400 1089 440 in
1117 399 1338 452 praedicato
1365 401 1546 452 positum,
1576 413 1697 450 genus
1716 401 1987 450 masculinum,
2013 404 2148 455 utpote
2177 416 2265 443 cum
2288 404 2339 443 sit
2361 403 2620 454 praecipuum,

410 477 546 518 ceteris
584 476 793 528 generibus
829 476 1034 528 praevalet,
1071 477 1119 516 ut
1156 475 1261 523 XXI,
1292 476 1352 523 50,
1391 476 1436 515 11
1481 488 1552 514 rex
1588 475 1770 526 reqiaque
1803 474 1940 515 classis
1974 489 2058 516 una
2087 477 2281 527 profecti,·
2325 478 2442 526 XXV,
2481 479 2542 526 11,
2571 479 2620 518 19

409 551 584 589 iumenta
611 572 663 578 —
691 552 727 588 et
753 548 926 588 homines
962 549 1150 589 contracti
1163 562 1176 595 ,·
1217 551 1358 597 XXVI,
1389 552 1451 598 12,
1490 551 1536 589 11
1576 562 1615 588 se
1642 572 1694 577 —
1722 552 1758 587 et
1777 550 2027 599 praesidium
2054 574 2105 579 —
2127 551 2324 601 proditos;
2358 552 2476 601 XLII,
2504 553 2566 599 20,
2596 552 2620 590 5

410 628 571 663 taurum
598 629 684 663 cum
710 623 881 672 quinque
908 624 1033 662 vaccis
1061 647 1112 652 —-
1141 624 1408 669 exanimatos;
1435 625 1550 671 XLV,
1581 626 1643 671 28,
1666 626 1711 663 11
1742 624 1869 673 filiam
1897 636 1982 663 cum
2009 625 2157 664 minore
2178 626 2262 676 filio
2282 649 2332 654 —
2350 626 2490 664 accitos
2516 624 2619 676 etc.).

410 701 533 751 Saepe
561 702 694 739 tamen
723 710 844 749 genus
873 699 1052 738 adiectivi
1081 700 1259 748 congruit
1288 712 1372 738 cum
1406 700 1647 738 substantivo
1676 700 1862 750 propiore.

512 773 696 811 Extremo
724 774 808 811 loco
837 773 884 811 de
913 773 1139 823 gradatione
1169 773 1348 812 adiectivi
1371 772 1563 822 agendum
1592 774 1660 819 est,
1690 783 1806 822 quam
1844 783 1947 813 nunc
1986 774 2144 817 omitto:
2183 788 2303 814 unum
2332 775 2487 814 tantum
2515 786 2620 812 com-

408 858 622 886 memorare
652 847 833 894 sufficiat,
861 847 1013 885 Livium
1041 846 1235 885 interdum
1269 846 1463 897 duplicem
1493 846 1818 897 comparationem
1846 845 2051 887 instituere
2079 849 2120 887 in
2148 861 2225 888 una
2262 849 2470 897 eademque
2498 859 2620 887 enun-

408 922 568 958 tiatione
598 920 652 957 sic
680 920 745 966 IV,
774 922 808 966 9,
837 922 883 964 33
912 922 973 966 23,
1002 921 1047 965 6;
1078 920 1181 965 XXI,
1210 920 1273 965 44,
1302 921 1348 964 33
1376 920 1501 965 XXII,
1532 921 1565 966 8,
1594 921 1640 964 3;
1669 919 1826 966 XXVII,
1858 919 1916 966 14,
1947 920 2016 964 10;
2046 921 2200 969 XXXV,
2231 921 2290 969 12,
2321 921 2378 960 10.

514 993 750 1033 Perventum
778 996 837 1033 est
865 994 914 1033 ad
942 995 1100 1033 tertiam
1128 995 1338 1032 sectionem
1367 995 1548 1044 synt-axis,
1578 1005 1675 1043 quae
1704 994 1784 1041 agit
1812 994 1858 1032 de
1896 994 2069 1033 doctrina
2098 996 2415 1034 enuntiationum.
2469 995 2514 1033 In
2545 1006 2620 1044 qua

409 1069 579 1121 primum
607 1068 779 1108 omnium
807 1068 1012 1107 tractanda
1040 1069 1100 1107 est
1127 1065 1430 1116 breviloquentia
1466 1062 1759 1117 (βραχυλογία),
1789 1067 1897 1106 cuius
1936 1068 2104 1118 primum
2142 1082 2263 1119 genus
2301 1072 2359 1108 est
2396 1069 2620 1119 asyndeton,

406 1143 481 1182 hoc
510 1144 642 1181 autem
668 1142 812 1181 iterum
840 1142 990 1193 triplex,
1019 1143 1087 1181 aut
1116 1141 1426 1180 enuntiationum
1456 1142 1523 1180 aut
1542 1141 1705 1180 duorum
1726 1142 1926 1180 nominum
1948 1139 2025 1191 (vel
2045 1143 2327 1192 adverbiorum)
2347 1145 2415 1183 aut
2441 1143 2619 1194 plurium.

408 1218 589 1255 Alterum
617 1228 738 1266 genus
768 1217 1094 1265 breviloquentiae
1123 1216 1264 1262 existit,
1294 1217 1325 1254 si
1361 1216 1400 1253 in
1429 1215 1577 1254 duabus
1616 1216 1944 1254 enuntiationibus
1983 1217 2150 1264 verbum,
2188 1218 2290 1267 quod
2328 1218 2376 1256 ad
2416 1220 2620 1266 utramque

408 1292 571 1341 spectat,
599 1291 719 1329 semel
747 1293 903 1329 tantum
931 1291 1097 1340 ponitur,
1126 1291 1181 1329 ita
1211 1291 1253 1327 ut
1282 1290 1322 1327 in
1350 1290 1470 1327 altera
1490 1290 1541 1328 sit
1560 1291 1689 1327 mente
1710 1289 1973 1338 repetendum.
2025 1290 2200 1329 Tertium
2220 1303 2341 1340 genus
2365 1293 2424 1330 est
2451 1275 2630 1341 zeugma,-

407 1364 517 1404 cuius
545 1364 602 1404 vis
629 1364 669 1403 in
698 1375 742 1403 eo
770 1365 897 1415 posita
926 1366 997 1409 est,
1032 1365 1076 1402 ut
1103 1376 1225 1402 unum
1254 1364 1413 1401 verbum
1447 1363 1495 1402 ad
1534 1364 1685 1411 singula
1722 1364 1894 1401 membra
1932 1365 2207 1403 enuntiationis
2245 1365 2442 1404 referatur.
2500 1365 2619 1416 Saepe

407 1439 627 1490 negativam
656 1438 963 1478 enuntiationem
992 1438 1166 1489 sequitur
1194 1438 1324 1484 altera,
1363 1437 1410 1476 ad
1440 1450 1555 1488 quam
1584 1438 1742 1477 verbum
1772 1438 2048 1478 affirmativum
2075 1441 2204 1479 mente
2234 1440 2450 1479 addendum
2481 1442 2552 1479 est.

516 1512 795 1552 Convertamus
823 1524 894 1551 nos
922 1513 999 1550 iam
1027 1512 1073 1550 ad
1106 1513 1395 1550 collocationem
1424 1512 1638 1549 verborum.
1696 1511 1733 1552 al
1763 1512 1931 1562 primum
1968 1512 2183 1552 afferendae
2221 1515 2312 1552 sunt
2352 1514 2619 1568 collocationes

411 1587 626 1626 sollemnes.
682 1587 722 1634 b)
753 1586 1015 1635 Cognatarum
1042 1586 1245 1624 notionum
1274 1598 1350 1624 uua
1380 1587 1485 1624 iuxta
1514 1586 1674 1623 alteram
1703 1586 1867 1635 ponitur.
1915 1586 1950 1633 c)
1977 1587 2016 1624 in
2045 1587 2242 1625 nonnullis
2270 1588 2393 1625 variat
2420 1588 2619 1625 collocatio

409 1660 625 1699 verborum.
680 1660 832 1698 Nomen
861 1659 1005 1708 gentile
1033 1670 1311 1708 nonnunquam
1340 1660 1429 1697 ante
1460 1670 1691 1709 praenomen
1719 1659 1884 1709 ponitur,
1914 1671 2055 1698 nomen
2087 1659 2253 1699 familiae
2290 1661 2349 1699 vel
2377 1661 2502 1710 gentis
2530 1663 2619 1701 ante

409 1745 633 1783 cognomen,
663 1744 942 1781 nonnunquam
969 1733 1120 1770 inversa
1147 1733 1295 1770 ratione
1325 1744 1536 1781 cognomen
1566 1733 1654 1770 ant-e
1682 1744 1821 1770 nomen
1855 1733 1982 1782 gentis
2020 1733 2080 1771 vel
2118 1733 2295 1772 familiae.
2357 1734 2396 1781 d)
2426 1734 2620 1773 Vocabula

411 1807 458 1845 ab
487 1806 597 1845 initio
627 1806 811 1845 orationis
840 1807 1050 1857 ponuntur,
1079 1817 1155 1856 qua
1184 1806 1434 1844 collocatione
1465 1817 1577 1857 saepe
1605 1806 1661 1845 vis
1690 1805 1735 1844 iis
1766 1805 1931 1845 additur.
1989 1804 2026 1856 e)
2055 1805 2174 1846 Notio
2195 1807 2383 1857 quaedam
2410 1809 2498 1859 post
2526 1808 2619 1848 alias

407 1882 586 1919 notiones
614 1881 675 1919 vel
709 1881 803 1919 adeo
838 1881 878 1918 in
916 1882 1087 1918 extrema
1124 1880 1389 1918 enuntiatione
1424 1880 1591 1930 ponitur,
1630 1881 1674 1917 ut
1706 1880 1762 1917 vis
1802 1881 1835 1918 ei
1864 1881 2040 1919 addatur.
2103 1880 2134 1927 f)
2161 1880 2392 1920 Notionibus
2429 1893 2483 1929 eo,
2518 1881 2619 1932 quod

409 1955 494 1994 aliis
523 1954 649 1994 verbis
679 1955 991 2005 interponuntur,
1021 1955 1078 1992 vis
1107 1954 1272 1992 additur.
1329 1954 1367 2003 g)
1397 1954 1611 2012 separando
1640 1956 1679 1992 et
1708 1954 1919 1993 dirimendo
1957 1956 2133 1994 notiones
2170 1967 2288 1994 unam
2323 1955 2370 1994 ab
2406 1956 2526 1995 altera
2564 1956 2620 1995 vis

408 2031 454 2069 iis
495 2029 661 2068 additur.
716 2029 758 2076 h)
787 2028 1100 2078 frequentissima
1128 2028 1230 2079 apud
1258 2028 1409 2067 Livium
1439 2039 1483 2067 ea
1519 2027 1717 2067 collocatio
1755 2028 1957 2067 verborum
1992 2031 2061 2075 est,
2099 2042 2195 2078 quae
2232 2030 2276 2067 fit
2303 2041 2371 2079 per
2397 2030 2620 2068 chiasmum.

408 2104 436 2152 i)
467 2103 734 2144 Memorabilis
763 2105 822 2143 est
852 2102 1052 2143 collocatio
1080 2104 1183 2142 verb.
1212 2103 1250 2142 in
1278 2103 1579 2152 interrogatione
1607 2103 1786 2150 XXXIII,
1817 2104 1877 2149 13,
1907 2105 1931 2142 6
1965 2101 2092 2152 quid?
2125 2102 2234 2140 nobis
2269 2102 2399 2151 inquit
2427 2101 2621 2151 Philippe,

413 2176 595 2216 reddisne
623 2178 694 2217 etc.
750 2177 791 2228 k)
822 2178 1022 2217 collocatio
1052 2178 1309 2228 complurium
1338 2179 1612 2218 adiectivorum
1641 2178 1688 2217 ad
1717 2190 1838 2217 unum
1867 2179 2153 2218 substantivum
2190 2177 2466 2228 pertinentium
2493 2177 2557 2224 IX,
2586 2179 2621 2225 2,

411 2254 433 2292 7
465 2251 565 2290 satis
585 2254 744 2304 patens
760 2252 916 2291 clausus
936 2252 979 2290 in
1001 2252 1125 2291 medio
1145 2265 1303 2301 campus
1324 2252 1507 2290 herbidus
1525 2264 1777 2300 aquosusque.
1824 2252 1854 2304 l)
1884 2253 2084 2292 collocatio
2104 2253 2382 2291 adverbiorum.
2427 2253 2482 2300 m)
2501 2253 2622 2292 Voca-

410 2330 502 2369 bula
530 2330 766 2380 pertinentia
787 2328 833 2365 ad
853 2329 1019 2374 nomina,
1040 2340 1137 2378 quae
1158 2340 1202 2367 ex
1225 2328 1575 2379 praepositionibus
1596 2330 1686 2378 apta
1706 2330 1808 2374 sunt,
1830 2339 1942 2378 saepe
1963 2330 2052 2366 ante
2072 2327 2393 2378 praepositionem
2415 2328 2619 2378 ponuntur.

410 2405 452 2454 n)
483 2403 631 2457 Copula
658 2403 855 2443 interdum
882 2403 1028 2442 minore
1057 2404 1117 2442 vel
1144 2404 1289 2442 maiore
1317 2403 1519 2442 intervallo
1548 2414 1571 2440 a
1598 2403 1816 2452 praedicato
1852 2403 2026 2441 seiuncta
2064 2404 2133 2441 est.
2198 2400 2237 2447 o)
2275 2400 2394 2452 Saepe
2431 2403 2622 2443 invenitur

409 2479 512 2531 apud
540 2478 693 2518 Livium
722 2479 922 2518 collocatio
950 2478 1153 2517 verborum
1181 2478 1336 2517 liberior
1364 2478 1402 2516 et
1430 2477 1655 2516 insolentior
1678 2477 1847 2527 adeoque
1867 2477 2109 2528 implicatior,
2137 2488 2233 2526 quae
2255 2475 2393 2515 dicitur
2411 2475 2620 2526 synchysis.

515 2553 561 2592 In
590 2553 801 2593 formandis
830 2551 1164 2591 enuntiationibus
1191 2550 1405 2600 primariis
1442 2551 1517 2590 duo
1557 2552 1800 2602 potissimum
1839 2552 2024 2591 idiomata
2061 2550 2299 2590 observanda
2327 2552 2426 2599 sunt,
2454 2552 2622 2603 primum

409 2627 594 2667 attractio
637 2628 879 2675 substantivi,
918 2628 1020 2679 quod
1053 2629 1204 2680 proprie
1251 2628 1299 2667 ad
1343 2627 1648 2666 enuntiationem
1691 2627 1955 2667 secundariam
1997 2627 2176 2678 pertinet,
2219 2626 2259 2664 in
2296 2637 2352 2664 en.
2391 2627 2621 2676 primariam,

410 2704 587 2752 alterum,
615 2705 661 2743 ut
687 2703 957 2755 impersonalis
987 2704 1188 2750 structura,
1217 2704 1262 2742 ut
1289 2702 1345 2741 ita
1373 2702 1509 2747 dicam,
1538 2703 1711 2741 mutetur
1747 2689 1786 2741 in
1814 2702 2068 2753 personalem,
2108 2701 2162 2740 sic
2189 2699 2347 2747 XXVII,
2382 2700 2442 2748 37,
2471 2701 2494 2740 5
2522 2700 2624 2750 quod

410 2777 446 2816 is
473 2790 621 2827 quoque
648 2800 700 2805 -—
728 2778 969 2827 incertus,
997 2789 1083 2815 mas
1109 2790 1164 2815 an
1191 2776 1342 2825 femina
1370 2777 1477 2821 essct,
1506 2777 1625 2813 natus
1653 2778 1749 2813 erat.
1783 2776 1915 2822 XXX,
1936 2778 1996 2823 35,
2025 2777 2048 2815 9
2078 2772 2248 2819 Italicos,
2276 2773 2502 2822 incertos,
2530 2774 2623 2814 socii

408 2865 464 2891 an
491 2850 617 2891 hostes
643 2854 779 2892 essent.
835 2853 974 2900 XXXI,
1006 2854 1065 2899 12,
1094 2854 1117 2891 6
1154 2852 1199 2890 in
1232 2850 1393 2889 Sabinis
1425 2850 1651 2889 incertus
1687 2849 1827 2898 infans
1863 2852 1983 2887 natus
2019 2846 2216 2887 masculus
2251 2859 2305 2884 an
2340 2846 2488 2896 femina
2515 2851 2620 2888 esset.

409 2926 586 2974 XXXIV,
619 2927 678 2974 19,
709 2928 732 2966 8
761 2938 846 2964 cum
872 2927 1070 2966 incerta
1097 2909 1235 2964 bellum
1262 2938 1318 2963 an
1338 2936 1427 2973 pau:
1464 2935 1548 2961 cum
1578 2921 1779 2962 Celtiberis
1813 2926 1948 2962 essent.
2015 2924 2306 2973 Nonnunquam
2340 2924 2621 2963 enuntiationes

410 3001 614 3052 primariae
642 3002 850 3052 ponuntur,
879 3002 946 3040 ubi
974 3002 1174 3052 exspectas
1203 2999 1460 3039 secundarias.
1517 2997 1580 3038 Sic
1598 2998 1648 3047 II,
1670 2999 1728 3046 13,
1750 2999 1772 3037 8
1800 3010 1910 3047 quem
1938 2997 1992 3036 ad
2019 2995 2171 3035 modum
2190 3008 2266 3048 seq.
2287 2998 2504 3037 accusativo
2533 3009 2622 3038 cum

409 3075 488 3122 inf.,
517 3075 658 3122 XXVI,
686 3077 747 3123 27,
778 3077 825 3114 12
854 3075 949 3124 quia
979 3088 1059 3125 seq.
1089 3087 1166 3113 acc.
1195 3087 1224 3113 c.
1254 3075 1332 3121 inf„
1370 3073 1549 3119 XXXIII,
1577 3073 1640 3119 45,
1680 3074 1701 3111 7
1729 3074 1774 3110 ut
1806 3072 1916 3121 feras
1942 3071 2134 3121 quasdam
2159 3069 2272 3108 nulla
2306 3069 2498 3109 mitescere
2524 3073 2621 3110 arte.

412 3148 708 3198 Nonnunquam
746 3150 958 3188 enuntiatio
995 3150 1155 3188 relativa
1193 3161 1262 3199 per
1299 3147 1609 3187 coniunctionem
1652 3147 1910 3196 copulativam
1953 3146 2198 3195 coniungitur
2234 3156 2323 3183 cum
2360 3146 2623 3185 enuntiatione
2688 3146 2691 3148 ’
