<?xml version="1.0" encoding="UTF-8"?>
<!DOCTYPE html PUBLIC "-//W3C//DTD XHTML 1.0 Transitional//EN"
    "http://www.w3.org/TR/xhtml1/DTD/xhtml1-transitional.dtd">
<html xmlns="http://www.w3.org/1999/xhtml" xml:lang="en" lang="en">
 <head>
  <title>
</title>
<meta http-equiv="Content-Type" content="text/html;charset=utf-8" />
  <meta name='ocr-system' content='tesseract 3.04.00' />
  <meta name='ocr-capabilities' content='ocr_page ocr_carea ocr_par ocr_line ocrx_word'/>
</head>
<body>
  <div class='ocr_page' id='page_1' title='image "./4769616_0030.png"; bbox 0 0 2882 3593; ppageno 0'>
   <div class='ocr_carea' id='block_1_1' title="bbox 1489 273 1539 308">
    <p class='ocr_par' dir='ltr' id='par_1_1' title="bbox 1489 273 1539 308">
     <span class='ocr_line' id='line_1_1' title="bbox 1489 273 1539 308; baseline 0 0"><span class='ocrx_word' id='word_1_1' title='bbox 1489 273 1539 308; x_wconf 87' lang='lat'>22</span> 
     </span>
    </p>
   </div>
   <div class='ocr_carea' id='block_1_2' title="bbox 1417 323 1606 329">
    <p class='ocr_par' dir='ltr' id='par_1_2' title="bbox 1417 323 1606 329">
     <span class='ocr_line' id='line_1_2' title="bbox 1417 323 1606 329; baseline 0 0"><span class='ocrx_word' id='word_1_2' title='bbox 1417 323 1606 329; x_wconf 95' lang='lat' dir='ltr'> </span> 
     </span>
    </p>
   </div>
   <div class='ocr_carea' id='block_1_3' title="bbox 407 387 2617 604">
    <p class='ocr_par' dir='ltr' id='par_1_3' title="bbox 407 387 2617 604">
     <span class='ocr_line' id='line_1_3' title="bbox 407 387 2617 456; baseline 0 -12"><span class='ocrx_word' id='word_1_3' title='bbox 407 415 444 456; x_wconf 89' lang='lat' dir='ltr'>p.</span> <span class='ocrx_word' id='word_1_4' title='bbox 467 403 542 445; x_wconf 90' lang='lat'>113</span> <span class='ocrx_word' id='word_1_5' title='bbox 565 404 647 456; x_wconf 84' lang='lat' dir='ltr'>sq.).</span> <span class='ocrx_word' id='word_1_6' title='bbox 685 404 756 452; x_wconf 89' lang='lat'>111,</span> <span class='ocrx_word' id='word_1_7' title='bbox 787 405 847 454; x_wconf 88' lang='lat'>15,</span> <span class='ocrx_word' id='word_1_8' title='bbox 874 405 899 445; x_wconf 87' lang='grc'><strong>2</strong></span> <span class='ocrx_word' id='word_1_9' title='bbox 933 405 1069 444; x_wconf 78' lang='lat' dir='ltr'>eontra</span> <span class='ocrx_word' id='word_1_10' title='bbox 1096 404 1247 444; x_wconf 54' lang='lat' dir='ltr'>tritum·</span> <span class='ocrx_word' id='word_1_11' title='bbox 1283 404 1500 446; x_wconf 72' lang='lat' dir='ltr'><em>tendebant.</em></span> <span class='ocrx_word' id='word_1_12' title='bbox 1559 387 1627 455; x_wconf 78' lang='lat' dir='ltr'>VI,</span> <span class='ocrx_word' id='word_1_13' title='bbox 1656 406 1718 454; x_wconf 88' lang='lat'>39,</span> <span class='ocrx_word' id='word_1_14' title='bbox 1750 406 1797 447; x_wconf 93' lang='lat'>17</span> <span class='ocrx_word' id='word_1_15' title='bbox 1838 405 1971 446; x_wconf 79' lang='lat' dir='ltr'>venire</span> <span class='ocrx_word' id='word_1_16' title='bbox 2006 408 2153 446; x_wconf 64' lang='lat' dir='ltr'>watra.</span> <span class='ocrx_word' id='word_1_17' title='bbox 2207 406 2310 455; x_wconf 86' lang='lat' dir='ltr'>XXI,</span> <span class='ocrx_word' id='word_1_18' title='bbox 2339 406 2400 454; x_wconf 88' lang='lat'>58,</span> <span class='ocrx_word' id='word_1_19' title='bbox 2427 407 2453 446; x_wconf 87' lang='lat'><strong>3</strong></span> <span class='ocrx_word' id='word_1_20' title='bbox 2479 406 2617 445; x_wconf 76' lang='lat' dir='ltr'>contra</span> 
     </span>
     <span class='ocr_line' id='line_1_4' title="bbox 409 477 2615 530; baseline 0.001 -15"><span class='ocrx_word' id='word_1_21' title='bbox 409 477 605 516; x_wconf 76' lang='lat' dir='ltr'><strong><em>enitentes.</em></strong></span> <span class='ocrx_word' id='word_1_22' title='bbox 659 478 820 525; x_wconf 91' lang='lat' dir='ltr'>XXVII,</span> <span class='ocrx_word' id='word_1_23' title='bbox 848 479 912 526; x_wconf 94' lang='lat'>42,</span> <span class='ocrx_word' id='word_1_24' title='bbox 942 479 966 518; x_wconf 89' lang='grc'>8</span> <span class='ocrx_word' id='word_1_25' title='bbox 993 477 1107 529; x_wconf 72' lang='lat' dir='ltr'>siqua</span> <span class='ocrx_word' id='word_1_26' title='bbox 1135 481 1270 517; x_wconf 78' lang='lat' dir='ltr'>contra</span> <span class='ocrx_word' id='word_1_27' title='bbox 1298 479 1448 530; x_wconf 80' lang='lat' dir='ltr'>efferre.</span> <span class='ocrx_word' id='word_1_28' title='bbox 1503 479 1678 528; x_wconf 83' lang='lat' dir='ltr'>XXXIV,</span> <span class='ocrx_word' id='word_1_29' title='bbox 1707 481 1769 527; x_wconf 88' lang='lat'>28,</span> <span class='ocrx_word' id='word_1_30' title='bbox 1800 480 1822 519; x_wconf 90' lang='grc'>7</span> <span class='ocrx_word' id='word_1_31' title='bbox 1854 481 2065 530; x_wconf 77' lang='lat' dir='ltr'><em>postquam</em></span> <span class='ocrx_word' id='word_1_32' title='bbox 2097 491 2206 520; x_wconf 82' lang='lat' dir='ltr'>nemo</span> <span class='ocrx_word' id='word_1_33' title='bbox 2233 503 2284 508; x_wconf 97' lang='lat'><strong>—</strong></span> <span class='ocrx_word' id='word_1_34' title='bbox 2312 480 2446 519; x_wconf 78' lang='lat' dir='ltr'>contra</span> <span class='ocrx_word' id='word_1_35' title='bbox 2473 477 2615 519; x_wconf 75' lang='lat' dir='ltr'>exibat.</span> 
     </span>
     <span class='ocr_line' id='line_1_5' title="bbox 408 551 1090 604; baseline 0 -11"><span class='ocrx_word' id='word_1_36' title='bbox 408 554 471 600; x_wconf 77' lang='grc'><strong>46,</strong></span> <span class='ocrx_word' id='word_1_37' title='bbox 501 554 523 592; x_wconf 90' lang='grc'>7</span> <span class='ocrx_word' id='word_1_38' title='bbox 551 554 686 590; x_wconf 76' lang='lat' dir='ltr'>contra</span> <span class='ocrx_word' id='word_1_39' title='bbox 712 551 959 601; x_wconf 77' lang='lat' dir='ltr'>eqrederetur</span> <span class='ocrx_word' id='word_1_40' title='bbox 985 556 1056 593; x_wconf 87' lang='grc'><strong>010.</strong></span> <span class='ocrx_word' id='word_1_41' title='bbox 1081 594 1090 604; x_wconf 67' lang='lat'>‚</span> 
     </span>
    </p>
   </div>
   <div class='ocr_carea' id='block_1_4' title="bbox 407 624 2617 1052">
    <p class='ocr_par' dir='ltr' id='par_1_4' title="bbox 407 624 2616 749">
     <span class='ocr_line' id='line_1_6' title="bbox 518 624 2616 680; baseline 0 -16"><span class='ocrx_word' id='word_1_42' title='bbox 518 624 636 665; x_wconf 84' lang='lat' dir='ltr'>Ultra</span> <span class='ocrx_word' id='word_1_43' title='bbox 664 626 703 675; x_wconf 87' lang='grc'>3,)</span> <span class='ocrx_word' id='word_1_44' title='bbox 732 628 779 667; x_wconf 90' lang='lat' dir='ltr'>de</span> <span class='ocrx_word' id='word_1_45' title='bbox 806 628 891 667; x_wconf 92' lang='grc'><strong>1000</strong></span> <span class='ocrx_word' id='word_1_46' title='bbox 919 628 1070 667; x_wconf 89' lang='lat' dir='ltr'>dicitur.</span> <span class='ocrx_word' id='word_1_47' title='bbox 1126 629 1165 676; x_wconf 90' lang='lat' dir='ltr'>b)</span> <span class='ocrx_word' id='word_1_48' title='bbox 1194 628 1240 667; x_wconf 85' lang='lat' dir='ltr'>de</span> <span class='ocrx_word' id='word_1_49' title='bbox 1270 631 1455 680; x_wconf 89' lang='lat' dir='ltr'>tempore.</span> <span class='ocrx_word' id='word_1_50' title='bbox 1512 627 1549 679; x_wconf 90' lang='lat' dir='ltr'>c)</span> <span class='ocrx_word' id='word_1_51' title='bbox 1578 629 1680 668; x_wconf 89' lang='lat' dir='ltr'>idem</span> <span class='ocrx_word' id='word_1_52' title='bbox 1710 629 1904 678; x_wconf 81' lang='lat' dir='ltr'>significat</span> <span class='ocrx_word' id='word_1_53' title='bbox 1931 642 1976 669; x_wconf 90' lang='lat' dir='ltr'>ac</span> <span class='ocrx_word' id='word_1_54' title='bbox 2005 642 2115 669; x_wconf 88' lang='grc'><strong>10008</strong></span> <span class='ocrx_word' id='word_1_55' title='bbox 2143 629 2277 679; x_wconf 71' lang='lat' dir='ltr'>mayis,</span> <span class='ocrx_word' id='word_1_56' title='bbox 2299 628 2406 678; x_wconf 70' lang='lat' dir='ltr'>plus,</span> <span class='ocrx_word' id='word_1_57' title='bbox 2434 627 2616 677; x_wconf 74' lang='lat' dir='ltr'>amplius,</span> 
     </span>
     <span class='ocr_line' id='line_1_7' title="bbox 407 699 775 749; baseline 0.003 -11"><span class='ocrx_word' id='word_1_58' title='bbox 407 699 532 746; x_wconf 78' lang='lat' dir='ltr'>aliud,</span> <span class='ocrx_word' id='word_1_59' title='bbox 554 702 775 749; x_wconf 71' lang='lat' dir='ltr'>praeterea.</span> 
     </span>
    </p>

    <p class='ocr_par' dir='ltr' id='par_1_5' title="bbox 408 774 2617 900">
     <span class='ocr_line' id='line_1_8' title="bbox 513 774 2617 828; baseline 0 -14"><span class='ocrx_word' id='word_1_60' title='bbox 513 774 575 813; x_wconf 88' lang='lat' dir='ltr'>Eo</span> <span class='ocrx_word' id='word_1_61' title='bbox 603 775 641 825; x_wconf 87' lang='lat' dir='ltr'>a)</span> <span class='ocrx_word' id='word_1_62' title='bbox 670 776 717 815; x_wconf 89' lang='lat' dir='ltr'>de</span> <span class='ocrx_word' id='word_1_63' title='bbox 745 776 829 815; x_wconf 93' lang='grc'><strong>1000</strong></span> <span class='ocrx_word' id='word_1_64' title='bbox 859 776 1008 815; x_wconf 88' lang='lat' dir='ltr'>dicitur.</span> <span class='ocrx_word' id='word_1_65' title='bbox 1063 775 1106 826; x_wconf 90' lang='lat' dir='ltr'>b)</span> <span class='ocrx_word' id='word_1_66' title='bbox 1135 777 1181 815; x_wconf 92' lang='lat' dir='ltr'>de</span> <span class='ocrx_word' id='word_1_67' title='bbox 1211 780 1393 828; x_wconf 89' lang='lat' dir='ltr'>tempore.</span> <span class='ocrx_word' id='word_1_68' title='bbox 1448 777 1518 823; x_wconf 89' lang='lat' dir='ltr'>III,</span> <span class='ocrx_word' id='word_1_69' title='bbox 1547 778 1610 823; x_wconf 83' lang='lat'>65,</span> <span class='ocrx_word' id='word_1_70' title='bbox 1639 778 1663 815; x_wconf 81' lang='lat'>4</span> <span class='ocrx_word' id='word_1_71' title='bbox 1691 787 1812 825; x_wconf 84' lang='lat' dir='ltr'>usque</span> <span class='ocrx_word' id='word_1_72' title='bbox 1840 788 1881 813; x_wconf 88' lang='lat' dir='ltr'>eo</span> <span class='ocrx_word' id='word_1_73' title='bbox 1909 779 2075 827; x_wconf 70' lang='lat' dir='ltr'>royaret,</span> <span class='ocrx_word' id='word_1_74' title='bbox 2110 777 2201 816; x_wconf 82' lang='lat' dir='ltr'>dum</span> <span class='ocrx_word' id='word_1_75' title='bbox 2228 780 2299 818; x_wconf 88' lang='lat' dir='ltr'>etc.</span> <span class='ocrx_word' id='word_1_76' title='bbox 2354 776 2475 826; x_wconf 83' lang='lat' dir='ltr'>XXII,</span> <span class='ocrx_word' id='word_1_77' title='bbox 2505 778 2564 825; x_wconf 88' lang='grc'>57,</span> <span class='ocrx_word' id='word_1_78' title='bbox 2593 777 2617 815; x_wconf 84' lang='grc'><strong>3</strong></span> 
     </span>
     <span class='ocr_line' id='line_1_9' title="bbox 408 851 1797 900; baseline 0.003 -14"><span class='ocrx_word' id='word_1_79' title='bbox 408 861 450 887; x_wconf 88' lang='lat' dir='ltr'>eo</span> <span class='ocrx_word' id='word_1_80' title='bbox 477 861 600 898; x_wconf 84' lang='lat' dir='ltr'>usque</span> <span class='ocrx_word' id='word_1_81' title='bbox 626 867 680 884; x_wconf 89' lang='lat'>=</span> <span class='ocrx_word' id='word_1_82' title='bbox 706 852 785 897; x_wconf 89' lang='lat' dir='ltr'>XL,</span> <span class='ocrx_word' id='word_1_83' title='bbox 816 854 851 897; x_wconf 90' lang='lat'>8,</span> <span class='ocrx_word' id='word_1_84' title='bbox 882 852 940 890; x_wconf 87' lang='lat'>18.</span> <span class='ocrx_word' id='word_1_85' title='bbox 981 852 1125 897; x_wconf 78' lang='lat' dir='ltr'>XXIII,</span> <span class='ocrx_word' id='word_1_86' title='bbox 1158 853 1217 898; x_wconf 88' lang='grc'>19,</span> <span class='ocrx_word' id='word_1_87' title='bbox 1250 853 1298 890; x_wconf 89' lang='grc'>14</span> <span class='ocrx_word' id='word_1_88' title='bbox 1326 863 1417 889; x_wconf 83' lang='lat' dir='ltr'>eone</span> <span class='ocrx_word' id='word_1_89' title='bbox 1444 863 1575 900; x_wconf 82' lang='lat' dir='ltr'>usque,</span> <span class='ocrx_word' id='word_1_90' title='bbox 1605 851 1697 888; x_wconf 80' lang='lat' dir='ltr'>dum</span> <span class='ocrx_word' id='word_1_91' title='bbox 1724 854 1797 890; x_wconf 90' lang='lat' dir='ltr'>etc.</span> 
     </span>
    </p>

    <p class='ocr_par' dir='ltr' id='par_1_6' title="bbox 409 922 2617 1052">
     <span class='ocr_line' id='line_1_10' title="bbox 516 922 2617 978; baseline 0.001 -16"><span class='ocrx_word' id='word_1_92' title='bbox 516 922 640 963; x_wconf 83' lang='lat' dir='ltr'>Porro</span> <span class='ocrx_word' id='word_1_93' title='bbox 668 926 705 974; x_wconf 91' lang='lat' dir='ltr'>a)</span> <span class='ocrx_word' id='word_1_94' title='bbox 740 925 787 965; x_wconf 92' lang='lat' dir='ltr'>de</span> <span class='ocrx_word' id='word_1_95' title='bbox 815 926 898 966; x_wconf 91' lang='lat' dir='ltr'>loco</span> <span class='ocrx_word' id='word_1_96' title='bbox 926 927 1077 978; x_wconf 84' lang='lat' dir='ltr'>proprie</span> <span class='ocrx_word' id='word_1_97' title='bbox 1107 928 1146 966; x_wconf 86' lang='lat' dir='ltr'>et</span> <span class='ocrx_word' id='word_1_98' title='bbox 1183 927 1444 978; x_wconf 80' lang='lat' dir='ltr'>metaphorice</span> <span class='ocrx_word' id='word_1_99' title='bbox 1483 928 1702 978; x_wconf 86' lang='lat' dir='ltr'>usurpatur.</span> <span class='ocrx_word' id='word_1_100' title='bbox 1767 926 1806 974; x_wconf 90' lang='lat' dir='ltr'>b)</span> <span class='ocrx_word' id='word_1_101' title='bbox 1834 926 1874 966; x_wconf 91' lang='lat' dir='ltr'>in</span> <span class='ocrx_word' id='word_1_102' title='bbox 1911 927 2217 976; x_wconf 89' lang='lat' dir='ltr'>argumentando</span> <span class='ocrx_word' id='word_1_103' title='bbox 2252 927 2430 974; x_wconf 75' lang='lat' dir='ltr'>XXVIII,</span> <span class='ocrx_word' id='word_1_104' title='bbox 2467 928 2529 973; x_wconf 89' lang='lat'>42,</span> <span class='ocrx_word' id='word_1_105' title='bbox 2569 926 2617 965; x_wconf 88' lang='lat'>12</span> 
     </span>
     <span class='ocr_line' id='line_1_11' title="bbox 409 997 1060 1052; baseline 0.008 -17"><span class='ocrx_word' id='word_1_106' title='bbox 409 997 507 1048; x_wconf 81' lang='lat' dir='ltr'>quid</span> <span class='ocrx_word' id='word_1_107' title='bbox 526 997 684 1047; x_wconf 76' lang='lat' dir='ltr'>porro?</span> <span class='ocrx_word' id='word_1_108' title='bbox 738 999 772 1049; x_wconf 91' lang='lat' dir='ltr'>c)</span> <span class='ocrx_word' id='word_1_109' title='bbox 801 999 847 1039; x_wconf 89' lang='lat' dir='ltr'>de</span> <span class='ocrx_word' id='word_1_110' title='bbox 876 1002 1060 1052; x_wconf 89' lang='lat' dir='ltr'>tempore.</span> 
     </span>
    </p>
   </div>
   <div class='ocr_carea' id='block_1_5' title="bbox 410 1071 2618 1199">
    <p class='ocr_par' dir='ltr' id='par_1_7' title="bbox 410 1071 2618 1199">
     <span class='ocr_line' id='line_1_12' title="bbox 515 1071 2618 1126; baseline 0.001 -16"><span class='ocrx_word' id='word_1_111' title='bbox 515 1071 706 1111; x_wconf 77' lang='lat' dir='ltr'><em>Protinus</em></span> <span class='ocrx_word' id='word_1_112' title='bbox 732 1074 884 1126; x_wconf 81' lang='lat' dir='ltr'>proprie</span> <span class='ocrx_word' id='word_1_113' title='bbox 921 1074 967 1113; x_wconf 91' lang='lat' dir='ltr'>de</span> <span class='ocrx_word' id='word_1_114' title='bbox 1008 1075 1092 1114; x_wconf 91' lang='grc'><strong>1000</strong></span> <span class='ocrx_word' id='word_1_115' title='bbox 1131 1075 1281 1121; x_wconf 84' lang='grc'><strong>(11011111,</strong></span> <span class='ocrx_word' id='word_1_116' title='bbox 1319 1075 1494 1125; x_wconf 85' lang='lat' dir='ltr'>plurimis</span> <span class='ocrx_word' id='word_1_117' title='bbox 1533 1076 1664 1113; x_wconf 87' lang='lat' dir='ltr'>tamen</span> <span class='ocrx_word' id='word_1_118' title='bbox 1706 1074 1746 1113; x_wconf 91' lang='lat' dir='ltr'>in</span> <span class='ocrx_word' id='word_1_119' title='bbox 1787 1075 1880 1114; x_wconf 89' lang='lat' dir='ltr'>locis</span> <span class='ocrx_word' id='word_1_120' title='bbox 1925 1075 2155 1125; x_wconf 90' lang='lat' dir='ltr'>significatio</span> <span class='ocrx_word' id='word_1_121' title='bbox 2193 1077 2266 1116; x_wconf 91' lang='lat' dir='ltr'>loci</span> <span class='ocrx_word' id='word_1_122' title='bbox 2304 1074 2532 1115; x_wconf 80' lang='lat' dir='ltr'>transfertur</span> <span class='ocrx_word' id='word_1_123' title='bbox 2570 1073 2618 1113; x_wconf 89' lang='lat' dir='ltr'>ad</span> 
     </span>
     <span class='ocr_line' id='line_1_13' title="bbox 410 1146 1835 1199; baseline 0.001 -15"><span class='ocrx_word' id='word_1_124' title='bbox 410 1147 575 1198; x_wconf 88' lang='lat' dir='ltr'>tempus,</span> <span class='ocrx_word' id='word_1_125' title='bbox 602 1159 881 1199; x_wconf 87' lang='lat' dir='ltr'>nonnunquam</span> <span class='ocrx_word' id='word_1_126' title='bbox 909 1148 1070 1186; x_wconf 91' lang='lat' dir='ltr'>dubium</span> <span class='ocrx_word' id='word_1_127' title='bbox 1099 1150 1158 1187; x_wconf 87' lang='lat' dir='ltr'>est</span> <span class='ocrx_word' id='word_1_128' title='bbox 1186 1151 1275 1187; x_wconf 87' lang='lat' dir='ltr'>utra</span> <span class='ocrx_word' id='word_1_129' title='bbox 1303 1146 1450 1186; x_wconf 88' lang='lat' dir='ltr'>ratione</span> <span class='ocrx_word' id='word_1_130' title='bbox 1479 1146 1530 1184; x_wconf 88' lang='lat' dir='ltr'>sit</span> <span class='ocrx_word' id='word_1_131' title='bbox 1559 1148 1835 1199; x_wconf 86' lang='lat' dir='ltr'>accipiendum.</span> 
     </span>
    </p>
   </div>
   <div class='ocr_carea' id='block_1_6' title="bbox 409 1212 2618 1363">
    <p class='ocr_par' dir='ltr' id='par_1_8' title="bbox 409 1212 2618 1363">
     <span class='ocr_line' id='line_1_14' title="bbox 517 1212 2618 1283; baseline 0.001 -14"><span class='ocrx_word' id='word_1_132' title='bbox 517 1232 668 1270; x_wconf 89' lang='lat' dir='ltr'>Accedo</span> <span class='ocrx_word' id='word_1_133' title='bbox 703 1232 751 1270; x_wconf 88' lang='lat' dir='ltr'>ad</span> <span class='ocrx_word' id='word_1_134' title='bbox 779 1233 958 1271; x_wconf 82' lang='lat' dir='ltr'>adverbia</span> <span class='ocrx_word' id='word_1_135' title='bbox 996 1234 1191 1283; x_wconf 88' lang='lat' dir='ltr'>temporis.</span> <span class='ocrx_word' id='word_1_136' title='bbox 1260 1230 1424 1281; x_wconf 76' lang='lat' dir='ltr'>Quando</span> <span class='ocrx_word' id='word_1_137' title='bbox 1462 1231 1500 1281; x_wconf 90' lang='lat' dir='ltr'>a)</span> <span class='ocrx_word' id='word_1_138' title='bbox 1536 1232 1720 1283; x_wconf 88' lang='lat' dir='ltr'>temporis</span> <span class='ocrx_word' id='word_1_139' title='bbox 1757 1233 1875 1271; x_wconf 87' lang='lat' dir='ltr'>habet</span> <span class='ocrx_word' id='word_1_140' title='bbox 1911 1233 2244 1282; x_wconf 83' lang='lat' dir='ltr'>significationem.</span> <span class='ocrx_word' id='word_1_141' title='bbox 2309 1212 2361 1281; x_wconf 34' lang='lat' dir='ltr'>b).</span> <span class='ocrx_word' id='word_1_142' title='bbox 2390 1231 2618 1283; x_wconf 86' lang='lat' dir='ltr'>significatio</span> 
     </span>
     <span class='ocr_line' id='line_1_15' title="bbox 409 1304 2239 1363; baseline 0 -19"><span class='ocrx_word' id='word_1_143' title='bbox 409 1306 593 1355; x_wconf 87' lang='lat' dir='ltr'>temporis</span> <span class='ocrx_word' id='word_1_144' title='bbox 623 1317 662 1345; x_wconf 90' lang='lat' dir='ltr'>se</span> <span class='ocrx_word' id='word_1_145' title='bbox 691 1306 882 1345; x_wconf 89' lang='lat' dir='ltr'>convertit</span> <span class='ocrx_word' id='word_1_146' title='bbox 910 1307 950 1344; x_wconf 91' lang='lat' dir='ltr'>in</span> <span class='ocrx_word' id='word_1_147' title='bbox 979 1307 1075 1355; x_wconf 85' lang='lat' dir='ltr'>sign.</span> <span class='ocrx_word' id='word_1_148' title='bbox 1106 1318 1254 1352; x_wconf 87' lang='lat' dir='ltr'>causae,</span> <span class='ocrx_word' id='word_1_149' title='bbox 1283 1309 1327 1345; x_wconf 90' lang='lat' dir='ltr'>ut</span> <span class='ocrx_word' id='word_1_150' title='bbox 1355 1306 1457 1344; x_wconf 86' lang='lat' dir='ltr'>idem</span> <span class='ocrx_word' id='word_1_151' title='bbox 1486 1307 1537 1345; x_wconf 86' lang='lat' dir='ltr'>sit</span> <span class='ocrx_word' id='word_1_152' title='bbox 1565 1306 1667 1363; x_wconf 80' lang='lat' dir='ltr'>quod</span> <span class='ocrx_word' id='word_1_153' title='bbox 1696 1304 1890 1354; x_wconf 75' lang='lat' dir='ltr'>quoniam,</span> <span class='ocrx_word' id='word_1_154' title='bbox 1918 1306 2239 1356; x_wconf 76' lang='lat' dir='ltr'>quandoquidem.</span> 
     </span>
    </p>
   </div>
   <div class='ocr_carea' id='block_1_7' title="bbox 409 1388 2620 1517">
    <p class='ocr_par' dir='ltr' id='par_1_9' title="bbox 409 1388 2620 1517">
     <span class='ocr_line' id='line_1_16' title="bbox 517 1388 2620 1442; baseline 0.001 -14"><span class='ocrx_word' id='word_1_155' title='bbox 517 1388 755 1440; x_wconf 76' lang='lat' dir='ltr'>Quandoque</span> <span class='ocrx_word' id='word_1_156' title='bbox 792 1390 830 1441; x_wconf 90' lang='lat' dir='ltr'>a)</span> <span class='ocrx_word' id='word_1_157' title='bbox 860 1394 920 1431; x_wconf 88' lang='lat' dir='ltr'>est</span> <span class='ocrx_word' id='word_1_158' title='bbox 954 1393 1157 1431; x_wconf 81' lang='lat' dir='ltr'>relativum</span> <span class='ocrx_word' id='word_1_159' title='bbox 1186 1390 1291 1438; x_wconf 84' lang='lat' dir='ltr'>VIII,</span> <span class='ocrx_word' id='word_1_160' title='bbox 1322 1392 1355 1438; x_wconf 89' lang='lat'>7,</span> <span class='ocrx_word' id='word_1_161' title='bbox 1389 1392 1435 1430; x_wconf 76' lang='lat'>15</span> <span class='ocrx_word' id='word_1_162' title='bbox 1463 1408 1516 1424; x_wconf 89' lang='lat'>=</span> <span class='ocrx_word' id='word_1_163' title='bbox 1545 1392 1707 1441; x_wconf 82' lang='lat' dir='ltr'>quande,</span> <span class='ocrx_word' id='word_1_164' title='bbox 1742 1392 1933 1442; x_wconf 83' lang='lat' dir='ltr'>quoniam.</span> <span class='ocrx_word' id='word_1_165' title='bbox 1989 1391 2136 1432; x_wconf 78' lang='lat' dir='ltr'>Ceteris</span> <span class='ocrx_word' id='word_1_166' title='bbox 2170 1393 2263 1432; x_wconf 92' lang='lat' dir='ltr'>locis</span> <span class='ocrx_word' id='word_1_167' title='bbox 2302 1391 2620 1442; x_wconf 86' lang='lat' dir='ltr'>significationem</span> 
     </span>
     <span class='ocr_line' id='line_1_17' title="bbox 409 1464 1720 1517; baseline 0.002 -15"><span class='ocrx_word' id='word_1_168' title='bbox 409 1464 527 1503; x_wconf 88' lang='lat' dir='ltr'>habet</span> <span class='ocrx_word' id='word_1_169' title='bbox 553 1464 873 1514; x_wconf 76' lang='lat' dir='ltr'>quandocunque.</span> <span class='ocrx_word' id='word_1_170' title='bbox 929 1464 972 1517; x_wconf 90' lang='lat' dir='ltr'>b)</span> <span class='ocrx_word' id='word_1_171' title='bbox 1000 1467 1243 1506; x_wconf 88' lang='lat' dir='ltr'>indefinitum</span> <span class='ocrx_word' id='word_1_172' title='bbox 1273 1478 1348 1505; x_wconf 90' lang='lat' dir='ltr'>uno</span> <span class='ocrx_word' id='word_1_173' title='bbox 1377 1467 1460 1505; x_wconf 92' lang='grc'><strong>1000</strong></span> <span class='ocrx_word' id='word_1_174' title='bbox 1490 1466 1593 1513; x_wconf 88' lang='lat' dir='ltr'>XXI,</span> <span class='ocrx_word' id='word_1_175' title='bbox 1623 1467 1657 1513; x_wconf 81' lang='lat'>3,</span> <span class='ocrx_word' id='word_1_176' title='bbox 1687 1468 1720 1505; x_wconf 84' lang='lat'>6.</span> 
     </span>
    </p>
   </div>
   <div class='ocr_carea' id='block_1_8' title="bbox 412 1548 2621 1752">
    <p class='ocr_par' dir='ltr' id='par_1_10' title="bbox 412 1548 2621 1752">
     <span class='ocr_line' id='line_1_18' title="bbox 520 1548 2619 1603; baseline -0 -15"><span class='ocrx_word' id='word_1_177' title='bbox 520 1548 618 1588; x_wconf 83' lang='lat' dir='ltr'>Tum</span> <span class='ocrx_word' id='word_1_178' title='bbox 647 1550 685 1602; x_wconf 87' lang='lat' dir='ltr'>a)</span> <span class='ocrx_word' id='word_1_179' title='bbox 714 1552 906 1601; x_wconf 83' lang='lat' dir='ltr'>significat</span> <span class='ocrx_word' id='word_1_180' title='bbox 933 1553 972 1590; x_wconf 89' lang='lat' dir='ltr'>in</span> <span class='ocrx_word' id='word_1_181' title='bbox 1000 1552 1101 1591; x_wconf 87' lang='lat' dir='ltr'>idem</span> <span class='ocrx_word' id='word_1_182' title='bbox 1129 1554 1282 1603; x_wconf 89' lang='lat' dir='ltr'>tempus</span> <span class='ocrx_word' id='word_1_183' title='bbox 1311 1553 1502 1591; x_wconf 81' lang='lat' dir='ltr'>actionem</span> <span class='ocrx_word' id='word_1_184' title='bbox 1530 1552 1696 1591; x_wconf 84' lang='lat' dir='ltr'>incidere</span> <span class='ocrx_word' id='word_1_185' title='bbox 1725 1553 1841 1603; x_wconf 88' lang='lat' dir='ltr'>atque</span> <span class='ocrx_word' id='word_1_186' title='bbox 1870 1553 1996 1599; x_wconf 84' lang='lat' dir='ltr'>aliam,</span> <span class='ocrx_word' id='word_1_187' title='bbox 2025 1554 2069 1591; x_wconf 93' lang='grc'>111</span> <span class='ocrx_word' id='word_1_188' title='bbox 2097 1553 2147 1592; x_wconf 89' lang='grc'>811</span> <span class='ocrx_word' id='word_1_189' title='bbox 2175 1551 2252 1598; x_wconf 77' lang='lat' dir='ltr'>hoc,</span> <span class='ocrx_word' id='word_1_190' title='bbox 2278 1550 2356 1598; x_wconf 73' lang='lat' dir='ltr'>illo,</span> <span class='ocrx_word' id='word_1_191' title='bbox 2376 1564 2417 1589; x_wconf 87' lang='lat' dir='ltr'>eo</span> <span class='ocrx_word' id='word_1_192' title='bbox 2444 1552 2619 1599; x_wconf 71' lang='lat' dir='ltr'>tempore.</span> 
     </span>
     <span class='ocr_line' id='line_1_19' title="bbox 412 1624 2620 1678; baseline -0 -14"><span class='ocrx_word' id='word_1_193' title='bbox 412 1625 452 1673; x_wconf 91' lang='lat' dir='ltr'>b)</span> <span class='ocrx_word' id='word_1_194' title='bbox 482 1626 674 1665; x_wconf 84' lang='lat' dir='ltr'>actionem</span> <span class='ocrx_word' id='word_1_195' title='bbox 704 1626 907 1676; x_wconf 86' lang='lat' dir='ltr'>significat,</span> <span class='ocrx_word' id='word_1_196' title='bbox 937 1638 1033 1676; x_wconf 86' lang='lat' dir='ltr'>quae</span> <span class='ocrx_word' id='word_1_197' title='bbox 1062 1628 1148 1678; x_wconf 91' lang='lat' dir='ltr'>post</span> <span class='ocrx_word' id='word_1_198' title='bbox 1177 1627 1320 1677; x_wconf 89' lang='lat' dir='ltr'>aliquid</span> <span class='ocrx_word' id='word_1_199' title='bbox 1349 1627 1404 1673; x_wconf 87' lang='lat' dir='ltr'>fit,</span> <span class='ocrx_word' id='word_1_200' title='bbox 1444 1628 1487 1666; x_wconf 91' lang='lat' dir='ltr'>ut</span> <span class='ocrx_word' id='word_1_201' title='bbox 1515 1627 1567 1666; x_wconf 85' lang='lat' dir='ltr'>sit</span> <span class='ocrx_word' id='word_1_202' title='bbox 1594 1628 1685 1674; x_wconf 74' lang='lat' dir='ltr'>post</span> <span class='ocrx_word' id='word_1_203' title='bbox 1712 1624 1779 1664; x_wconf 77' lang='lat' dir='ltr'>hoc</span> <span class='ocrx_word' id='word_1_204' title='bbox 1814 1627 1973 1674; x_wconf 73' lang='lat' dir='ltr'>tempus.</span> <span class='ocrx_word' id='word_1_205' title='bbox 2041 1625 2077 1677; x_wconf 94' lang='lat' dir='ltr'>c)</span> <span class='ocrx_word' id='word_1_206' title='bbox 2112 1628 2269 1678; x_wconf 89' lang='lat' dir='ltr'>ponitur</span> <span class='ocrx_word' id='word_1_207' title='bbox 2303 1627 2411 1666; x_wconf 89' lang='lat' dir='ltr'>initio</span> <span class='ocrx_word' id='word_1_208' title='bbox 2445 1625 2620 1677; x_wconf 88' lang='lat' dir='ltr'>apodosis</span> 
     </span>
     <span class='ocr_line' id='line_1_20' title="bbox 412 1692 2621 1752; baseline -0.001 -15"><span class='ocrx_word' id='word_1_209' title='bbox 412 1701 481 1738; x_wconf 84' lang='lat' dir='ltr'>aut</span> <span class='ocrx_word' id='word_1_210' title='bbox 509 1700 744 1750; x_wconf 83' lang='lat' dir='ltr'>praegressis</span> <span class='ocrx_word' id='word_1_211' title='bbox 769 1701 1037 1739; x_wconf 89' lang='lat' dir='ltr'>coniunctione</span> <span class='ocrx_word' id='word_1_212' title='bbox 1059 1701 1242 1751; x_wconf 89' lang='lat' dir='ltr'>temporis</span> <span class='ocrx_word' id='word_1_213' title='bbox 1271 1701 1348 1739; x_wconf 88' lang='grc'><strong>8110</strong></span> <span class='ocrx_word' id='word_1_214' title='bbox 1378 1701 1629 1739; x_wconf 83' lang='lat' dir='ltr'>condicionali</span> <span class='ocrx_word' id='word_1_215' title='bbox 1659 1703 1726 1740; x_wconf 90' lang='lat' dir='ltr'>aut</span> <span class='ocrx_word' id='word_1_216' title='bbox 1753 1701 1964 1752; x_wconf 85' lang='lat' dir='ltr'>participio,</span> <span class='ocrx_word' id='word_1_217' title='bbox 2002 1702 2046 1738; x_wconf 88' lang='lat' dir='ltr'>ut</span> <span class='ocrx_word' id='word_1_218' title='bbox 2075 1700 2241 1740; x_wconf 84' lang='lat' dir='ltr'>Graecae</span> <span class='ocrx_word' id='word_1_219' title='bbox 2281 1701 2489 1751; x_wconf 86' lang='lat' dir='ltr'>particulae</span> <span class='ocrx_word' id='word_1_220' title='bbox 2519 1692 2621 1746; x_wconf 73' lang='grc' dir='ltr'><strong>εἶτα,</strong></span> 
     </span>
    </p>
   </div>
   <div class='ocr_carea' id='block_1_9' title="bbox 412 1768 2621 1899">
    <p class='ocr_par' dir='ltr' id='par_1_11' title="bbox 412 1768 2621 1899">
     <span class='ocr_line' id='line_1_21' title="bbox 412 1768 2621 1824; baseline 0 -14"><span class='ocrx_word' id='word_1_221' title='bbox 412 1768 572 1818; x_wconf 77' lang='grc' dir='ltr'><strong>ἔπειτα,</strong></span> <span class='ocrx_word' id='word_1_222' title='bbox 614 1769 757 1818; x_wconf 77' lang='grc' dir='ltr'><strong>οὕτως.</strong></span> <span class='ocrx_word' id='word_1_223' title='bbox 832 1775 873 1823; x_wconf 84' lang='grc'>(1)</span> <span class='ocrx_word' id='word_1_224' title='bbox 903 1775 1060 1824; x_wconf 90' lang='lat' dir='ltr'>ponitur</span> <span class='ocrx_word' id='word_1_225' title='bbox 1096 1775 1135 1812; x_wconf 91' lang='lat' dir='ltr'>in</span> <span class='ocrx_word' id='word_1_226' title='bbox 1178 1775 1272 1813; x_wconf 87' lang='lat' dir='ltr'>serie</span> <span class='ocrx_word' id='word_1_227' title='bbox 1313 1787 1441 1813; x_wconf 88' lang='lat' dir='ltr'>rerum</span> <span class='ocrx_word' id='word_1_228' title='bbox 1471 1776 1740 1813; x_wconf 87' lang='lat' dir='ltr'>enumeranda.</span> <span class='ocrx_word' id='word_1_229' title='bbox 1806 1776 1840 1822; x_wconf 91' lang='grc'>0)</span> <span class='ocrx_word' id='word_1_230' title='bbox 1876 1775 2108 1813; x_wconf 85' lang='grc'><strong>11110118113111</strong></span> <span class='ocrx_word' id='word_1_231' title='bbox 2142 1776 2260 1813; x_wconf 91' lang='lat' dir='ltr'>habet</span> <span class='ocrx_word' id='word_1_232' title='bbox 2294 1774 2621 1823; x_wconf 86' lang='lat' dir='ltr'>significationem,</span> 
     </span>
     <span class='ocr_line' id='line_1_22' title="bbox 413 1847 1234 1899; baseline 0 -14"><span class='ocrx_word' id='word_1_233' title='bbox 413 1847 640 1897; x_wconf 86' lang='lat' dir='ltr'>plerumque</span> <span class='ocrx_word' id='word_1_234' title='bbox 669 1860 893 1898; x_wconf 89' lang='lat' dir='ltr'>praegressa</span> <span class='ocrx_word' id='word_1_235' title='bbox 920 1859 1006 1885; x_wconf 72' lang='lat' dir='ltr'>oum</span> <span class='ocrx_word' id='word_1_236' title='bbox 1034 1848 1234 1899; x_wconf 81' lang='lat' dir='ltr'>particula.</span> 
     </span>
    </p>
   </div>
   <div class='ocr_carea' id='block_1_10' title="bbox 414 1930 2624 2059">
    <p class='ocr_par' dir='ltr' id='par_1_12' title="bbox 414 1930 2624 2059">
     <span class='ocr_line' id='line_1_23' title="bbox 527 1930 2624 1984; baseline 0 -14"><span class='ocrx_word' id='word_1_237' title='bbox 527 1930 636 1970; x_wconf 73' lang='lat' dir='ltr'>Tunc</span> <span class='ocrx_word' id='word_1_238' title='bbox 664 1932 798 1972; x_wconf 88' lang='lat' dir='ltr'>eadem</span> <span class='ocrx_word' id='word_1_239' title='bbox 832 1933 910 1972; x_wconf 88' lang='lat' dir='ltr'>fere</span> <span class='ocrx_word' id='word_1_240' title='bbox 950 1933 1098 1972; x_wconf 89' lang='lat' dir='ltr'>ratione</span> <span class='ocrx_word' id='word_1_241' title='bbox 1127 1936 1349 1984; x_wconf 86' lang='lat' dir='ltr'>usurpatur,</span> <span class='ocrx_word' id='word_1_242' title='bbox 1385 1946 1460 1983; x_wconf 84' lang='lat' dir='ltr'>qua</span> <span class='ocrx_word' id='word_1_243' title='bbox 1498 1935 1589 1972; x_wconf 74' lang='lat' dir='ltr'>tum.</span> <span class='ocrx_word' id='word_1_244' title='bbox 1647 1934 1810 1973; x_wconf 86' lang='lat' dir='ltr'>Ponitur</span> <span class='ocrx_word' id='word_1_245' title='bbox 1844 1934 1959 1973; x_wconf 86' lang='lat' dir='ltr'>etiam</span> <span class='ocrx_word' id='word_1_246' title='bbox 1994 1936 2082 1984; x_wconf 91' lang='lat' dir='ltr'>post</span> <span class='ocrx_word' id='word_1_247' title='bbox 2117 1933 2416 1973; x_wconf 86' lang='lat' dir='ltr'>condicionalem</span> <span class='ocrx_word' id='word_1_248' title='bbox 2449 1933 2624 1971; x_wconf 88' lang='lat' dir='ltr'>enuntia-</span> 
     </span>
     <span class='ocr_line' id='line_1_24' title="bbox 414 2003 1692 2059; baseline 0.001 -13"><span class='ocrx_word' id='word_1_249' title='bbox 414 2007 569 2054; x_wconf 88' lang='lat' dir='ltr'>tionem,</span> <span class='ocrx_word' id='word_1_250' title='bbox 598 2008 642 2046; x_wconf 89' lang='lat' dir='ltr'>ut</span> <span class='ocrx_word' id='word_1_251' title='bbox 670 2003 884 2058; x_wconf 78' lang='lat' dir='ltr'>opponatur</span> <span class='ocrx_word' id='word_1_252' title='bbox 912 2019 1022 2047; x_wconf 86' lang='lat' dir='ltr'>verus</span> <span class='ocrx_word' id='word_1_253' title='bbox 1050 2019 1181 2047; x_wconf 88' lang='lat' dir='ltr'>rerum</span> <span class='ocrx_word' id='word_1_254' title='bbox 1210 2008 1335 2047; x_wconf 87' lang='lat' dir='ltr'>status</span> <span class='ocrx_word' id='word_1_255' title='bbox 1364 2008 1573 2059; x_wconf 87' lang='lat' dir='ltr'>sumptioni</span> <span class='ocrx_word' id='word_1_256' title='bbox 1601 2008 1692 2047; x_wconf 87' lang='lat' dir='ltr'>ficti.</span> 
     </span>
    </p>
   </div>
   <div class='ocr_carea' id='block_1_11' title="bbox 414 2091 2624 2441">
    <p class='ocr_par' dir='ltr' id='par_1_13' title="bbox 414 2091 2624 2441">
     <span class='ocr_line' id='line_1_25' title="bbox 522 2091 2621 2145; baseline 0 -16"><span class='ocrx_word' id='word_1_257' title='bbox 522 2092 640 2130; x_wconf 65' lang='lat' dir='ltr'>Nemo</span> <span class='ocrx_word' id='word_1_258' title='bbox 668 2091 707 2142; x_wconf 89' lang='lat' dir='ltr'>a)</span> <span class='ocrx_word' id='word_1_259' title='bbox 737 2093 931 2142; x_wconf 84' lang='lat' dir='ltr'>significat</span> <span class='ocrx_word' id='word_1_260' title='bbox 959 2095 1125 2144; x_wconf 89' lang='lat' dir='ltr'>tempus,</span> <span class='ocrx_word' id='word_1_261' title='bbox 1167 2094 1268 2143; x_wconf 90' lang='lat' dir='ltr'>quod</span> <span class='ocrx_word' id='word_1_262' title='bbox 1307 2094 1351 2139; x_wconf 90' lang='lat' dir='ltr'>ei,</span> <span class='ocrx_word' id='word_1_263' title='bbox 1390 2094 1454 2142; x_wconf 87' lang='lat' dir='ltr'>qui</span> <span class='ocrx_word' id='word_1_264' title='bbox 1492 2094 1671 2144; x_wconf 85' lang='lat' dir='ltr'>loquitur,</span> <span class='ocrx_word' id='word_1_265' title='bbox 1710 2105 1890 2145; x_wconf 78' lang='lat' dir='ltr'>praesens</span> <span class='ocrx_word' id='word_1_266' title='bbox 1920 2096 1989 2133; x_wconf 85' lang='lat' dir='ltr'>est.</span> <span class='ocrx_word' id='word_1_267' title='bbox 2045 2092 2087 2143; x_wconf 91' lang='lat' dir='ltr'>b)</span> <span class='ocrx_word' id='word_1_268' title='bbox 2116 2092 2232 2130; x_wconf 73' lang='lat' dir='ltr'>etiam</span> <span class='ocrx_word' id='word_1_269' title='bbox 2268 2103 2372 2130; x_wconf 75' lang='lat' dir='ltr'>nune</span> <span class='ocrx_word' id='word_1_270' title='bbox 2399 2092 2469 2139; x_wconf 93' lang='grc' dir='ltr'><strong>ΙΙΙ,</strong></span> <span class='ocrx_word' id='word_1_271' title='bbox 2497 2093 2558 2139; x_wconf 89' lang='grc'>46,</span> <span class='ocrx_word' id='word_1_272' title='bbox 2586 2093 2621 2130; x_wconf 84' lang='grc'><strong>2.</strong></span> 
     </span>
     <span class='ocr_line' id='line_1_26' title="bbox 414 2166 2622 2218; baseline 0 -13"><span class='ocrx_word' id='word_1_273' title='bbox 414 2166 464 2213; x_wconf 83' lang='grc' dir='ltr'><strong>Χ,</strong></span> <span class='ocrx_word' id='word_1_274' title='bbox 495 2170 529 2213; x_wconf 83' lang='grc'><strong>5,</strong></span> <span class='ocrx_word' id='word_1_275' title='bbox 559 2170 594 2205; x_wconf 80' lang='lat'>5.</span> <span class='ocrx_word' id='word_1_276' title='bbox 649 2168 686 2216; x_wconf 90' lang='grc'>0)</span> <span class='ocrx_word' id='word_1_277' title='bbox 714 2179 819 2205; x_wconf 78' lang='lat' dir='ltr'>nunc</span> <span class='ocrx_word' id='word_1_278' title='bbox 845 2168 923 2204; x_wconf 67' lang='lat' dir='ltr'>iam</span> <span class='ocrx_word' id='word_1_279' title='bbox 953 2168 997 2213; x_wconf 91' lang='lat' dir='ltr'>V,</span> <span class='ocrx_word' id='word_1_280' title='bbox 1027 2170 1063 2214; x_wconf 86' lang='lat'>2,</span> <span class='ocrx_word' id='word_1_281' title='bbox 1095 2170 1154 2207; x_wconf 84' lang='lat'>10.</span> <span class='ocrx_word' id='word_1_282' title='bbox 1214 2169 1274 2214; x_wconf 88' lang='lat'>17,</span> <span class='ocrx_word' id='word_1_283' title='bbox 1306 2169 1339 2206; x_wconf 89' lang='grc'>7.</span> <span class='ocrx_word' id='word_1_284' title='bbox 1398 2169 1481 2214; x_wconf 88' lang='lat' dir='ltr'>VH,</span> <span class='ocrx_word' id='word_1_285' title='bbox 1510 2171 1569 2210; x_wconf 73' lang='lat'>32.</span> <span class='ocrx_word' id='word_1_286' title='bbox 1601 2170 1658 2214; x_wconf 82' lang='lat'>14,</span> <span class='ocrx_word' id='word_1_287' title='bbox 1688 2169 1734 2206; x_wconf 92' lang='lat' dir='ltr'>ad</span> <span class='ocrx_word' id='word_1_288' title='bbox 1765 2182 1799 2218; x_wconf 90' lang='lat' dir='ltr'>q.</span> <span class='ocrx_word' id='word_1_289' title='bbox 1830 2170 1854 2206; x_wconf 92' lang='lat' dir='ltr'>l.</span> <span class='ocrx_word' id='word_1_290' title='bbox 1885 2170 1969 2207; x_wconf 77' lang='lat' dir='ltr'>vide</span> <span class='ocrx_word' id='word_1_291' title='bbox 1999 2170 2115 2207; x_wconf 85' lang='lat' dir='ltr'>Drak.</span> <span class='ocrx_word' id='word_1_292' title='bbox 2144 2168 2192 2213; x_wconf 91' lang='lat' dir='ltr'>X,</span> <span class='ocrx_word' id='word_1_293' title='bbox 2224 2168 2281 2212; x_wconf 82' lang='lat'>19,</span> <span class='ocrx_word' id='word_1_294' title='bbox 2311 2168 2345 2204; x_wconf 90' lang='lat'>8.</span> <span class='ocrx_word' id='word_1_295' title='bbox 2394 2167 2535 2206; x_wconf 86' lang='lat' dir='ltr'>Ordine</span> <span class='ocrx_word' id='word_1_296' title='bbox 2563 2168 2622 2205; x_wconf 91' lang='lat' dir='ltr'>in·</span> 
     </span>
     <span class='ocr_line' id='line_1_27' title="bbox 415 2240 2624 2293; baseline -0 -13"><span class='ocrx_word' id='word_1_297' title='bbox 415 2253 523 2280; x_wconf 81' lang='lat' dir='ltr'>verso</span> <span class='ocrx_word' id='word_1_298' title='bbox 551 2240 630 2279; x_wconf 74' lang='lat' dir='ltr'>iam</span> <span class='ocrx_word' id='word_1_299' title='bbox 659 2253 765 2280; x_wconf 75' lang='lat' dir='ltr'>nune</span> <span class='ocrx_word' id='word_1_300' title='bbox 792 2243 862 2289; x_wconf 93' lang='lat' dir='ltr'>III,</span> <span class='ocrx_word' id='word_1_301' title='bbox 891 2244 953 2289; x_wconf 86' lang='lat'>40,</span> <span class='ocrx_word' id='word_1_302' title='bbox 984 2243 1043 2281; x_wconf 78' lang='lat'>12.</span> <span class='ocrx_word' id='word_1_303' title='bbox 1101 2242 1141 2290; x_wconf 84' lang='lat' dir='ltr'>d)</span> <span class='ocrx_word' id='word_1_304' title='bbox 1171 2243 1337 2293; x_wconf 82' lang='lat' dir='ltr'>ponitur,</span> <span class='ocrx_word' id='word_1_305' title='bbox 1368 2243 1545 2281; x_wconf 89' lang='lat' dir='ltr'>similiter</span> <span class='ocrx_word' id='word_1_306' title='bbox 1573 2245 1688 2292; x_wconf 84' lang='lat' dir='ltr'>atque</span> <span class='ocrx_word' id='word_1_307' title='bbox 1717 2244 1819 2288; x_wconf 82' lang='lat' dir='ltr'>tunc,</span> <span class='ocrx_word' id='word_1_308' title='bbox 1849 2244 1935 2293; x_wconf 75' lang='lat' dir='ltr'>post</span> <span class='ocrx_word' id='word_1_309' title='bbox 1965 2243 2225 2293; x_wconf 81' lang='lat' dir='ltr'>sumptionem</span> <span class='ocrx_word' id='word_1_310' title='bbox 2254 2241 2345 2280; x_wconf 82' lang='lat' dir='ltr'>ficti.</span> <span class='ocrx_word' id='word_1_311' title='bbox 2403 2243 2438 2289; x_wconf 92' lang='grc'>0)</span> <span class='ocrx_word' id='word_1_312' title='bbox 2468 2241 2624 2291; x_wconf 90' lang='lat' dir='ltr'>ponitur</span> 
     </span>
     <span class='ocr_line' id='line_1_28' title="bbox 414 2314 2624 2369; baseline -0 -15"><span class='ocrx_word' id='word_1_313' title='bbox 414 2317 502 2366; x_wconf 92' lang='lat' dir='ltr'>post</span> <span class='ocrx_word' id='word_1_314' title='bbox 530 2327 711 2366; x_wconf 87' lang='lat' dir='ltr'>praesens</span> <span class='ocrx_word' id='word_1_315' title='bbox 738 2317 966 2356; x_wconf 90' lang='lat' dir='ltr'>historicum</span> <span class='ocrx_word' id='word_1_316' title='bbox 994 2317 1053 2355; x_wconf 90' lang='lat' dir='ltr'>vel</span> <span class='ocrx_word' id='word_1_317' title='bbox 1082 2317 1119 2355; x_wconf 91' lang='lat' dir='ltr'>in</span> <span class='ocrx_word' id='word_1_318' title='bbox 1150 2316 1322 2355; x_wconf 89' lang='lat' dir='ltr'>oratione</span> <span class='ocrx_word' id='word_1_319' title='bbox 1351 2316 1505 2366; x_wconf 84' lang='lat' dir='ltr'>obliqua</span> <span class='ocrx_word' id='word_1_320' title='bbox 1534 2316 1579 2354; x_wconf 84' lang='lat' dir='ltr'>de</span> <span class='ocrx_word' id='word_1_321' title='bbox 1608 2318 1779 2369; x_wconf 85' lang='lat' dir='ltr'>tempore</span> <span class='ocrx_word' id='word_1_322' title='bbox 1803 2317 2022 2369; x_wconf 86' lang='lat' dir='ltr'>praeterito,</span> <span class='ocrx_word' id='word_1_323' title='bbox 2047 2316 2113 2357; x_wconf 86' lang='lat' dir='ltr'>sed</span> <span class='ocrx_word' id='word_1_324' title='bbox 2143 2314 2245 2367; x_wconf 90' lang='lat' dir='ltr'>quod</span> <span class='ocrx_word' id='word_1_325' title='bbox 2273 2314 2399 2354; x_wconf 86' lang='lat' dir='ltr'>animo</span> <span class='ocrx_word' id='word_1_326' title='bbox 2429 2314 2624 2365; x_wconf 88' lang='lat' dir='ltr'>scriptoris</span> 
     </span>
     <span class='ocr_line' id='line_1_29' title="bbox 415 2392 1536 2441; baseline -0.001 -13"><span class='ocrx_word' id='word_1_327' title='bbox 415 2392 617 2440; x_wconf 84' lang='lat' dir='ltr'>tamquam</span> <span class='ocrx_word' id='word_1_328' title='bbox 645 2403 826 2441; x_wconf 87' lang='lat' dir='ltr'>praesens</span> <span class='ocrx_word' id='word_1_329' title='bbox 855 2392 1091 2430; x_wconf 86' lang='lat' dir='ltr'>obversatur.</span> <span class='ocrx_word' id='word_1_330' title='bbox 1149 2392 1181 2440; x_wconf 87' lang='lat' dir='ltr'>f)</span> <span class='ocrx_word' id='word_1_331' title='bbox 1209 2402 1315 2428; x_wconf 77' lang='lat' dir='ltr'>nunc</span> <span class='ocrx_word' id='word_1_332' title='bbox 1343 2413 1393 2416; x_wconf 92' lang='lat'>-—</span> <span class='ocrx_word' id='word_1_333' title='bbox 1421 2401 1536 2427; x_wconf 76' lang='lat' dir='ltr'>nune.</span> 
     </span>
    </p>
   </div>
   <div class='ocr_carea' id='block_1_12' title="bbox 416 2473 2625 2601">
    <p class='ocr_par' dir='ltr' id='par_1_14' title="bbox 416 2473 2625 2601">
     <span class='ocr_line' id='line_1_30' title="bbox 519 2473 2625 2526; baseline -0 -14"><span class='ocrx_word' id='word_1_334' title='bbox 519 2473 663 2513; x_wconf 76' lang='lat' dir='ltr'>Adhuc</span> <span class='ocrx_word' id='word_1_335' title='bbox 690 2477 727 2523; x_wconf 93' lang='lat' dir='ltr'>a)</span> <span class='ocrx_word' id='word_1_336' title='bbox 757 2476 900 2515; x_wconf 90' lang='lat' dir='ltr'>dicitur</span> <span class='ocrx_word' id='word_1_337' title='bbox 928 2476 974 2514; x_wconf 92' lang='lat' dir='ltr'>de</span> <span class='ocrx_word' id='word_1_338' title='bbox 1003 2478 1177 2525; x_wconf 89' lang='lat' dir='ltr'>tempore</span> <span class='ocrx_word' id='word_1_339' title='bbox 1207 2476 1412 2526; x_wconf 81' lang='lat' dir='ltr'>praesenti.</span> <span class='ocrx_word' id='word_1_340' title='bbox 1474 2475 1515 2525; x_wconf 90' lang='lat' dir='ltr'>b)</span> <span class='ocrx_word' id='word_1_341' title='bbox 1545 2476 1591 2514; x_wconf 88' lang='lat' dir='ltr'>de</span> <span class='ocrx_word' id='word_1_342' title='bbox 1619 2478 1791 2526; x_wconf 83' lang='lat' dir='ltr'>tempore</span> <span class='ocrx_word' id='word_1_343' title='bbox 1820 2476 2039 2526; x_wconf 81' lang='lat' dir='ltr'>praeterito,</span> <span class='ocrx_word' id='word_1_344' title='bbox 2069 2487 2142 2526; x_wconf 89' lang='lat' dir='ltr'>quo</span> <span class='ocrx_word' id='word_1_345' title='bbox 2171 2475 2339 2525; x_wconf 86' lang='lat' dir='ltr'>pertinet</span> <span class='ocrx_word' id='word_1_346' title='bbox 2368 2474 2496 2520; x_wconf 88' lang='lat' dir='ltr'>etiam,</span> <span class='ocrx_word' id='word_1_347' title='bbox 2526 2473 2559 2511; x_wconf 90' lang='lat' dir='ltr'>si</span> <span class='ocrx_word' id='word_1_348' title='bbox 2585 2473 2625 2511; x_wconf 91' lang='lat' dir='ltr'>in</span> 
     </span>
     <span class='ocr_line' id='line_1_31' title="bbox 416 2549 1812 2601; baseline 0 -13"><span class='ocrx_word' id='word_1_349' title='bbox 416 2549 586 2589; x_wconf 79' lang='lat' dir='ltr'>oratione</span> <span class='ocrx_word' id='word_1_350' title='bbox 618 2550 774 2601; x_wconf 84' lang='lat' dir='ltr'>obliqua</span> <span class='ocrx_word' id='word_1_351' title='bbox 802 2562 863 2590; x_wconf 89' lang='lat' dir='ltr'>res</span> <span class='ocrx_word' id='word_1_352' title='bbox 892 2552 1093 2601; x_wconf 86' lang='lat' dir='ltr'>tamquam</span> <span class='ocrx_word' id='word_1_353' title='bbox 1122 2562 1304 2601; x_wconf 88' lang='lat' dir='ltr'>praesens</span> <span class='ocrx_word' id='word_1_354' title='bbox 1334 2549 1461 2588; x_wconf 89' lang='lat' dir='ltr'>animo</span> <span class='ocrx_word' id='word_1_355' title='bbox 1490 2552 1812 2600; x_wconf 87' lang='lat' dir='ltr'>repraesentatur.</span> 
     </span>
    </p>
   </div>
   <div class='ocr_carea' id='block_1_13' title="bbox 416 2633 2631 3204">
    <p class='ocr_par' dir='ltr' id='par_1_15' title="bbox 416 2633 2631 3204">
     <span class='ocr_line' id='line_1_32' title="bbox 520 2633 2627 2687; baseline -0.002 -14"><span class='ocrx_word' id='word_1_356' title='bbox 520 2634 609 2673; x_wconf 88' lang='lat' dir='ltr'>Iam</span> <span class='ocrx_word' id='word_1_357' title='bbox 637 2634 676 2685; x_wconf 88' lang='lat' dir='ltr'>a)</span> <span class='ocrx_word' id='word_1_358' title='bbox 706 2636 752 2675; x_wconf 92' lang='lat' dir='ltr'>de</span> <span class='ocrx_word' id='word_1_359' title='bbox 781 2638 954 2687; x_wconf 88' lang='lat' dir='ltr'>tempore</span> <span class='ocrx_word' id='word_1_360' title='bbox 984 2636 1125 2675; x_wconf 90' lang='lat' dir='ltr'>dicitur</span> <span class='ocrx_word' id='word_1_361' title='bbox 1154 2638 1192 2675; x_wconf 90' lang='lat' dir='ltr'>et</span> <span class='ocrx_word' id='word_1_362' title='bbox 1222 2635 1444 2685; x_wconf 84' lang='lat' dir='ltr'>saepissime</span> <span class='ocrx_word' id='word_1_363' title='bbox 1473 2635 1652 2685; x_wconf 86' lang='lat' dir='ltr'>exprimit</span> <span class='ocrx_word' id='word_1_364' title='bbox 1682 2635 1728 2681; x_wconf 84' lang='lat' dir='ltr'>id,</span> <span class='ocrx_word' id='word_1_365' title='bbox 1758 2636 1859 2685; x_wconf 89' lang='lat' dir='ltr'>quod</span> <span class='ocrx_word' id='word_1_366' title='bbox 1888 2635 2216 2685; x_wconf 85' lang='lat' dir='ltr'>exspectationem</span> <span class='ocrx_word' id='word_1_367' title='bbox 2245 2633 2457 2683; x_wconf 82' lang='lat' dir='ltr'>praecurrit</span> <span class='ocrx_word' id='word_1_368' title='bbox 2484 2633 2524 2670; x_wconf 88' lang='grc'>01</span> <span class='ocrx_word' id='word_1_369' title='bbox 2550 2643 2627 2670; x_wconf 87' lang='grc'><strong>11011</strong></span> 
     </span>
     <span class='ocr_line' id='line_1_33' title="bbox 416 2705 2627 2761; baseline -0.002 -13"><span class='ocrx_word' id='word_1_370' title='bbox 416 2712 693 2761; x_wconf 84' lang='lat' dir='ltr'>exspectatum,</span> <span class='ocrx_word' id='word_1_371' title='bbox 723 2710 789 2748; x_wconf 86' lang='lat' dir='ltr'>sed</span> <span class='ocrx_word' id='word_1_372' title='bbox 819 2712 1063 2760; x_wconf 85' lang='lat' dir='ltr'>praemature</span> <span class='ocrx_word' id='word_1_373' title='bbox 1087 2711 1146 2748; x_wconf 81' lang='lat' dir='ltr'>vel</span> <span class='ocrx_word' id='word_1_374' title='bbox 1176 2722 1220 2748; x_wconf 90' lang='lat' dir='ltr'>ex</span> <span class='ocrx_word' id='word_1_375' title='bbox 1249 2710 1455 2759; x_wconf 86' lang='lat' dir='ltr'>improviso</span> <span class='ocrx_word' id='word_1_376' title='bbox 1485 2709 1631 2747; x_wconf 89' lang='lat' dir='ltr'>factum</span> <span class='ocrx_word' id='word_1_377' title='bbox 1651 2712 1710 2748; x_wconf 86' lang='lat' dir='ltr'>est</span> <span class='ocrx_word' id='word_1_378' title='bbox 1732 2708 1873 2759; x_wconf 91' lang='lat' dir='ltr'>(Hand.</span> <span class='ocrx_word' id='word_1_379' title='bbox 1893 2709 2054 2748; x_wconf 83' lang='lat' dir='ltr'>Tursell.</span> <span class='ocrx_word' id='word_1_380' title='bbox 2083 2708 2154 2754; x_wconf 88' lang='lat' dir='ltr'>III,</span> <span class='ocrx_word' id='word_1_381' title='bbox 2176 2720 2211 2757; x_wconf 88' lang='lat' dir='ltr'>p.</span> <span class='ocrx_word' id='word_1_382' title='bbox 2233 2705 2334 2756; x_wconf 90' lang='lat'>117),</span> <span class='ocrx_word' id='word_1_383' title='bbox 2363 2706 2453 2744; x_wconf 88' lang='lat' dir='ltr'>alibi</span> <span class='ocrx_word' id='word_1_384' title='bbox 2480 2708 2627 2744; x_wconf 88' lang='lat' dir='ltr'>certum</span> 
     </span>
     <span class='ocr_line' id='line_1_34' title="bbox 416 2778 2627 2835; baseline -0.001 -13"><span class='ocrx_word' id='word_1_385' title='bbox 416 2786 605 2835; x_wconf 86' lang='lat' dir='ltr'>punctum</span> <span class='ocrx_word' id='word_1_386' title='bbox 633 2784 829 2834; x_wconf 89' lang='lat' dir='ltr'>temporis,</span> <span class='ocrx_word' id='word_1_387' title='bbox 858 2783 898 2822; x_wconf 91' lang='lat' dir='ltr'>in</span> <span class='ocrx_word' id='word_1_388' title='bbox 928 2795 1003 2833; x_wconf 89' lang='lat' dir='ltr'>quo</span> <span class='ocrx_word' id='word_1_389' title='bbox 1032 2783 1177 2835; x_wconf 83' lang='lat' dir='ltr'>aliquid</span> <span class='ocrx_word' id='word_1_390' title='bbox 1206 2785 1252 2822; x_wconf 79' lang='lat' dir='ltr'>fit</span> <span class='ocrx_word' id='word_1_391' title='bbox 1280 2785 1349 2821; x_wconf 87' lang='grc'><strong>3111</strong></span> <span class='ocrx_word' id='word_1_392' title='bbox 1378 2782 1523 2821; x_wconf 87' lang='lat' dir='ltr'>factum</span> <span class='ocrx_word' id='word_1_393' title='bbox 1551 2784 1620 2829; x_wconf 85' lang='lat' dir='ltr'>est,</span> <span class='ocrx_word' id='word_1_394' title='bbox 1640 2782 1817 2833; x_wconf 86' lang='lat' dir='ltr'>designat</span> <span class='ocrx_word' id='word_1_395' title='bbox 1847 2781 1991 2833; x_wconf 88' lang='lat' dir='ltr'>(Hand.</span> <span class='ocrx_word' id='word_1_396' title='bbox 2012 2795 2048 2834; x_wconf 93' lang='lat' dir='ltr'>p.</span> <span class='ocrx_word' id='word_1_397' title='bbox 2072 2778 2177 2830; x_wconf 84' lang='lat'>113),</span> <span class='ocrx_word' id='word_1_398' title='bbox 2205 2791 2482 2830; x_wconf 88' lang='lat' dir='ltr'>nonnunquam</span> <span class='ocrx_word' id='word_1_399' title='bbox 2510 2780 2627 2819; x_wconf 89' lang='grc'><strong>0113111</strong></span> 
     </span>
     <span class='ocr_line' id='line_1_35' title="bbox 417 2853 2627 2908; baseline -0.001 -12"><span class='ocrx_word' id='word_1_400' title='bbox 417 2858 457 2896; x_wconf 91' lang='lat' dir='ltr'>id</span> <span class='ocrx_word' id='word_1_401' title='bbox 486 2858 588 2906; x_wconf 90' lang='lat' dir='ltr'>quod</span> <span class='ocrx_word' id='word_1_402' title='bbox 616 2859 702 2908; x_wconf 86' lang='lat' dir='ltr'>post</span> <span class='ocrx_word' id='word_1_403' title='bbox 732 2858 836 2896; x_wconf 88' lang='lat' dir='ltr'>aliud</span> <span class='ocrx_word' id='word_1_404' title='bbox 864 2857 956 2908; x_wconf 88' lang='lat' dir='ltr'>quid</span> <span class='ocrx_word' id='word_1_405' title='bbox 986 2857 1132 2895; x_wconf 87' lang='lat' dir='ltr'>factum</span> <span class='ocrx_word' id='word_1_406' title='bbox 1164 2860 1234 2903; x_wconf 85' lang='lat' dir='ltr'>est,</span> <span class='ocrx_word' id='word_1_407' title='bbox 1264 2858 1308 2894; x_wconf 91' lang='lat' dir='ltr'>ut</span> <span class='ocrx_word' id='word_1_408' title='bbox 1334 2857 1520 2894; x_wconf 86' lang='lat' dir='ltr'>transitus</span> <span class='ocrx_word' id='word_1_409' title='bbox 1548 2868 1677 2895; x_wconf 88' lang='lat' dir='ltr'>rerum</span> <span class='ocrx_word' id='word_1_410' title='bbox 1698 2858 1943 2906; x_wconf 85' lang='lat' dir='ltr'>significetur,</span> <span class='ocrx_word' id='word_1_411' title='bbox 1962 2857 2034 2894; x_wconf 87' lang='lat' dir='ltr'>hac</span> <span class='ocrx_word' id='word_1_412' title='bbox 2054 2854 2245 2906; x_wconf 89' lang='lat' dir='ltr'>particula</span> <span class='ocrx_word' id='word_1_413' title='bbox 2273 2853 2467 2892; x_wconf 87' lang='lat' dir='ltr'>indicatur</span> <span class='ocrx_word' id='word_1_414' title='bbox 2486 2853 2627 2904; x_wconf 86' lang='lat' dir='ltr'>(Hand.</span> 
     </span>
     <span class='ocr_line' id='line_1_36' title="bbox 417 2926 2627 2981; baseline -0.001 -12"><span class='ocrx_word' id='word_1_415' title='bbox 417 2945 454 2981; x_wconf 92' lang='lat' dir='ltr'>p.</span> <span class='ocrx_word' id='word_1_416' title='bbox 480 2930 582 2979; x_wconf 84' lang='lat'>115).</span> <span class='ocrx_word' id='word_1_417' title='bbox 637 2930 679 2980; x_wconf 93' lang='lat' dir='ltr'>b)</span> <span class='ocrx_word' id='word_1_418' title='bbox 707 2943 786 2968; x_wconf 78' lang='lat' dir='ltr'>uon</span> <span class='ocrx_word' id='word_1_419' title='bbox 813 2931 905 2975; x_wconf 74' lang='lat' dir='ltr'>iam,</span> <span class='ocrx_word' id='word_1_420' title='bbox 933 2931 1014 2968; x_wconf 80' lang='lat' dir='ltr'>iam</span> <span class='ocrx_word' id='word_1_421' title='bbox 1043 2943 1121 2968; x_wconf 77' lang='lat' dir='ltr'>non</span> <span class='ocrx_word' id='word_1_422' title='bbox 1150 2933 1243 2978; x_wconf 90' lang='lat' dir='ltr'>(iam</span> <span class='ocrx_word' id='word_1_423' title='bbox 1271 2929 1395 2976; x_wconf 86' lang='grc'><strong>1111111).</strong></span> <span class='ocrx_word' id='word_1_424' title='bbox 1452 2931 1487 2975; x_wconf 92' lang='grc'>0)</span> <span class='ocrx_word' id='word_1_425' title='bbox 1507 2930 1586 2966; x_wconf 71' lang='lat' dir='ltr'>iam</span> <span class='ocrx_word' id='word_1_426' title='bbox 1604 2942 1629 2966; x_wconf 87' lang='lat' dir='ltr'>a</span> <span class='ocrx_word' id='word_1_427' title='bbox 1642 2929 1843 2976; x_wconf 66' lang='lat' dir='ltr'>principio</span> <span class='ocrx_word' id='word_1_428' title='bbox 1863 2933 1902 2968; x_wconf 88' lang='lat' dir='ltr'>et</span> <span class='ocrx_word' id='word_1_429' title='bbox 1931 2930 2082 2967; x_wconf 90' lang='lat' dir='ltr'>similia.</span> <span class='ocrx_word' id='word_1_430' title='bbox 2103 2928 2184 2964; x_wconf 77' lang='lat' dir='ltr'>iam</span> <span class='ocrx_word' id='word_1_431' title='bbox 2211 2926 2303 2963; x_wconf 75' lang='lat' dir='ltr'>inde</span> <span class='ocrx_word' id='word_1_432' title='bbox 2330 2929 2369 2965; x_wconf 90' lang='lat' dir='ltr'>et</span> <span class='ocrx_word' id='word_1_433' title='bbox 2389 2928 2435 2965; x_wconf 90' lang='lat' dir='ltr'>de</span> <span class='ocrx_word' id='word_1_434' title='bbox 2455 2929 2627 2978; x_wconf 87' lang='lat' dir='ltr'>tempore</span> 
     </span>
     <span class='ocr_line' id='line_1_37' title="bbox 418 3000 2628 3054; baseline -0.002 -10"><span class='ocrx_word' id='word_1_435' title='bbox 418 3006 458 3044; x_wconf 89' lang='lat' dir='ltr'>et</span> <span class='ocrx_word' id='word_1_436' title='bbox 485 3004 532 3043; x_wconf 91' lang='lat' dir='ltr'>de</span> <span class='ocrx_word' id='word_1_437' title='bbox 559 3004 644 3043; x_wconf 90' lang='lat' dir='ltr'>loco</span> <span class='ocrx_word' id='word_1_438' title='bbox 673 3005 819 3043; x_wconf 87' lang='lat' dir='ltr'>dictum</span> <span class='ocrx_word' id='word_1_439' title='bbox 846 3005 1050 3044; x_wconf 91' lang='lat' dir='ltr'>invenitur.</span> <span class='ocrx_word' id='word_1_440' title='bbox 1106 3004 1147 3053; x_wconf 92' lang='lat' dir='ltr'>d)</span> <span class='ocrx_word' id='word_1_441' title='bbox 1177 3003 1258 3041; x_wconf 81' lang='lat' dir='ltr'>iam</span> <span class='ocrx_word' id='word_1_442' title='bbox 1285 3001 1377 3040; x_wconf 78' lang='lat' dir='ltr'>hinc</span> <span class='ocrx_word' id='word_1_443' title='bbox 1404 3003 1450 3042; x_wconf 90' lang='lat' dir='ltr'>de</span> <span class='ocrx_word' id='word_1_444' title='bbox 1479 3005 1651 3054; x_wconf 88' lang='lat' dir='ltr'>tempore</span> <span class='ocrx_word' id='word_1_445' title='bbox 1682 3003 1767 3049; x_wconf 93' lang='lat' dir='ltr'>VII,</span> <span class='ocrx_word' id='word_1_446' title='bbox 1797 3005 1859 3049; x_wconf 88' lang='lat'>29,</span> <span class='ocrx_word' id='word_1_447' title='bbox 1891 3003 1910 3041; x_wconf 91' lang='lat'>1</span> <span class='ocrx_word' id='word_1_448' title='bbox 1943 3005 1982 3042; x_wconf 91' lang='lat' dir='ltr'>et</span> <span class='ocrx_word' id='word_1_449' title='bbox 2011 3001 2115 3048; x_wconf 90' lang='lat' dir='ltr'>VIII,</span> <span class='ocrx_word' id='word_1_450' title='bbox 2145 3002 2181 3047; x_wconf 90' lang='grc'>7,</span> <span class='ocrx_word' id='word_1_451' title='bbox 2211 3002 2244 3047; x_wconf 94' lang='grc'>7,</span> <span class='ocrx_word' id='word_1_452' title='bbox 2273 3000 2320 3039; x_wconf 88' lang='grc'>(10</span> <span class='ocrx_word' id='word_1_453' title='bbox 2348 3001 2430 3039; x_wconf 89' lang='grc'><strong>1000</strong></span> <span class='ocrx_word' id='word_1_454' title='bbox 2458 3001 2537 3047; x_wconf 93' lang='lat' dir='ltr'>XL,</span> <span class='ocrx_word' id='word_1_455' title='bbox 2567 3002 2628 3049; x_wconf 87' lang='lat'>35,</span> 
     </span>
     <span class='ocr_line' id='line_1_38' title="bbox 420 3074 2629 3129; baseline -0.001 -11"><span class='ocrx_word' id='word_1_456' title='bbox 420 3080 480 3119; x_wconf 87' lang='grc'>14.</span> <span class='ocrx_word' id='word_1_457' title='bbox 535 3077 573 3129; x_wconf 86' lang='grc'>0)</span> <span class='ocrx_word' id='word_1_458' title='bbox 601 3077 683 3116; x_wconf 74' lang='lat' dir='ltr'>iam</span> <span class='ocrx_word' id='word_1_459' title='bbox 709 3089 814 3117; x_wconf 78' lang='lat' dir='ltr'>nunc</span> <span class='ocrx_word' id='word_1_460' title='bbox 841 3081 882 3119; x_wconf 88' lang='grc'>01</span> <span class='ocrx_word' id='word_1_461' title='bbox 908 3090 1014 3117; x_wconf 80' lang='lat' dir='ltr'>nuuc</span> <span class='ocrx_word' id='word_1_462' title='bbox 1041 3078 1132 3117; x_wconf 79' lang='lat' dir='ltr'>iam.</span> <span class='ocrx_word' id='word_1_463' title='bbox 1188 3078 1218 3126; x_wconf 84' lang='lat' dir='ltr'>f)</span> <span class='ocrx_word' id='word_1_464' title='bbox 1246 3077 1326 3115; x_wconf 82' lang='lat' dir='ltr'>iam</span> <span class='ocrx_word' id='word_1_465' title='bbox 1355 3078 1447 3122; x_wconf 85' lang='lat' dir='ltr'>tum,</span> <span class='ocrx_word' id='word_1_466' title='bbox 1475 3077 1556 3115; x_wconf 77' lang='lat' dir='ltr'>iam</span> <span class='ocrx_word' id='word_1_467' title='bbox 1590 3079 1690 3116; x_wconf 79' lang='lat' dir='ltr'>tuuc.</span> <span class='ocrx_word' id='word_1_468' title='bbox 1746 3078 1786 3128; x_wconf 86' lang='lat' dir='ltr'>g)</span> <span class='ocrx_word' id='word_1_469' title='bbox 1822 3076 1903 3115; x_wconf 84' lang='lat' dir='ltr'>iam</span> <span class='ocrx_word' id='word_1_470' title='bbox 1932 3075 2101 3125; x_wconf 72' lang='lat' dir='ltr'>pridem.</span> <span class='ocrx_word' id='word_1_471' title='bbox 2155 3075 2200 3125; x_wconf 91' lang='lat' dir='ltr'>h)</span> <span class='ocrx_word' id='word_1_472' title='bbox 2235 3074 2316 3113; x_wconf 76' lang='lat' dir='ltr'>iam</span> <span class='ocrx_word' id='word_1_473' title='bbox 2347 3077 2557 3127; x_wconf 79' lang='lat' dir='ltr'>usurpatur</span> <span class='ocrx_word' id='word_1_474' title='bbox 2589 3076 2629 3115; x_wconf 89' lang='lat' dir='ltr'>in</span> 
     </span>
     <span class='ocr_line' id='line_1_39' title="bbox 421 3149 2631 3204; baseline -0.001 -12"><span class='ocrx_word' id='word_1_475' title='bbox 421 3153 652 3194; x_wconf 86' lang='lat' dir='ltr'>transitione</span> <span class='ocrx_word' id='word_1_476' title='bbox 681 3153 874 3202; x_wconf 87' lang='lat' dir='ltr'>orationis,</span> <span class='ocrx_word' id='word_1_477' title='bbox 902 3156 947 3193; x_wconf 86' lang='lat' dir='ltr'>ut</span> <span class='ocrx_word' id='word_1_478' title='bbox 976 3164 1089 3204; x_wconf 85' lang='lat' dir='ltr'>saepe</span> <span class='ocrx_word' id='word_1_479' title='bbox 1118 3153 1220 3191; x_wconf 89' lang='lat' dir='ltr'>idem</span> <span class='ocrx_word' id='word_1_480' title='bbox 1249 3153 1299 3191; x_wconf 88' lang='lat' dir='ltr'>sit</span> <span class='ocrx_word' id='word_1_481' title='bbox 1327 3152 1428 3202; x_wconf 91' lang='lat' dir='ltr'>quod</span> <span class='ocrx_word' id='word_1_482' title='bbox 1448 3163 1582 3200; x_wconf 78' lang='lat' dir='ltr'>porr0,</span> <span class='ocrx_word' id='word_1_483' title='bbox 1610 3163 1889 3202; x_wconf 90' lang='lat' dir='ltr'>nonnunquam</span> <span class='ocrx_word' id='word_1_484' title='bbox 1917 3152 2035 3191; x_wconf 85' lang='lat' dir='ltr'>etiam</span> <span class='ocrx_word' id='word_1_485' title='bbox 2064 3150 2112 3190; x_wconf 87' lang='lat' dir='ltr'>ad</span> <span class='ocrx_word' id='word_1_486' title='bbox 2139 3150 2285 3189; x_wconf 85' lang='lat' dir='ltr'>maiora</span> <span class='ocrx_word' id='word_1_487' title='bbox 2323 3151 2362 3189; x_wconf 89' lang='lat' dir='ltr'>et</span> <span class='ocrx_word' id='word_1_488' title='bbox 2389 3149 2526 3189; x_wconf 81' lang='lat' dir='ltr'>eximia</span> <span class='ocrx_word' id='word_1_489' title='bbox 2562 3161 2631 3201; x_wconf 80' lang='lat' dir='ltr'>per</span> 
     </span>
    </p>
   </div>
  </div>
 </body>
</html>
