2882 3593
1466 263 1490 303 8

367 399 400 452 f)
429 402 475 441 de
504 403 585 442 toto
614 401 757 453 aliquid
785 401 957 452 depromi
985 402 1177 452 significat
1203 404 1243 441 et
1270 402 1388 441 habet
1416 402 1534 441 etiam
1561 401 1881 450 significationem
1916 402 2140 452 partitivam
2175 400 2240 451 (ex
2259 399 2371 449 plebe
2396 398 2578 447 homines,

367 487 451 514 una
478 487 527 514 ex
552 474 745 514 obsidibus
772 474 874 526 etc.).
930 473 972 527 g)
1002 476 1247 526 coniungitur
1282 489 1370 516 cum
1398 487 1511 524 parc,
1548 476 1650 515 unde
1687 476 1858 515 existunt
1894 476 2071 516 notiones
2108 476 2342 516 adverbiales
2369 473 2431 524 (ex
2457 476 2579 526 parte,

367 561 508 599 magna
536 561 580 589 ex
607 552 727 602 parte,
758 551 887 602 aliqua
916 562 960 589 ex
988 550 1125 602 parte).
1170 550 1212 600 h)
1240 548 1308 588 Ex
1336 551 1524 601 originem
1544 550 1748 600 significat.
1798 547 1828 600 i)
1850 561 2008 589 causam
2027 550 2182 599 indicat,
2202 562 2278 601 qua
2300 549 2392 601 quid
2413 549 2580 590 efficitur

367 624 427 673 (ex
455 625 610 662 vulnere
639 626 801 664 claudus
831 628 917 672 etc.,
946 637 991 663 ex
1019 626 1172 663 vulnere
1201 627 1363 664 moritur
1390 625 1489 674 etc.).
1537 624 1577 673 k)
1598 626 1845 674 coniungitur
1867 636 1956 663 cum
1977 626 2113 672 verbis,
2133 637 2231 676 quae
2249 625 2390 663 mentis
2410 624 2580 674 aliquam

366 698 558 738 actionem
584 698 758 739 indicant
794 698 964 749 (sentire,
1000 702 1183 751 spectare,
1219 700 1431 747 aestimare,
1474 700 1582 746 scire,
1624 699 1821 750 suspicari,
1864 699 2089 747 coniectare,
2131 711 2369 750 cognoscere,
2410 698 2580 750 apparet,

366 771 502 823 patet).
556 772 586 820 1)
614 771 683 810 Ea:
712 774 915 812 adhibetur
951 774 1000 812 ad
1039 774 1284 813 indicandam
1318 775 1573 812 mutationem
1611 774 1816 822 quandam,
1854 773 2030 818 maxime,
2065 774 2097 811 si
2130 774 2378 811 coniunctum
2406 773 2465 810 est
2492 784 2581 810 cum

366 844 492 886 verbis
521 842 663 895 faeere,
692 844 794 897 fieri.
848 845 905 897 m)
933 844 1001 887 Ex
1028 847 1083 888 ita
1111 847 1205 889 dicit
1232 848 1423 900 proficisci
1451 847 1594 898 aliquid
1623 850 1662 888 et
1689 847 1841 898 prodire
1879 859 1923 886 ex
1951 847 2026 887 alia
2053 860 2105 894 re,
2141 849 2186 887 ut
2219 849 2253 887 ei
2281 849 2581 887 consentaneum

366 919 427 967 sit,
454 919 557 958 idem
582 919 683 972 quod
711 918 921 958 secundum
948 919 1019 972 (sic
1048 920 1229 974 Kampm.
1261 934 1295 975 p.
1320 920 1396 972 19),
1425 932 1473 959 ex
1491 918 1649 960 consilio
1669 920 1845 971 patrum,
1875 930 1924 958 ex
1942 920 2072 970 pacto,
2101 931 2149 960 ex
2175 918 2337 971 foedere,
2357 930 2405 960 ex
2422 920 2581 961 senatus

366 993 549 1039 consulto,
579 995 887 1031 exauctoritate
908 996 1085 1043 patrum,
1115 1007 1163 1032 est·
1191 995 1399 1041 voluntate,
1428 1007 1477 1033 ez·
1504 994 1704 1045 de'ynitate,
1740 1006 1789 1031 ex
1816 993 1906 1044 1898,
1935 1005 1981 1032 ex
2008 994 2199 1041 instituto,
2228 1006 2275 1033 ex
2301 993 2504 1041 sententia,
2532 1005 2581 1033 ex

370 1068 528 1112 decreto,
557 1081 605 1106 ex
633 1080 745 1113 more,
775 1081 823 1107 ex
851 1080 1033 1115 responso
1062 1072 1133 1108 etc.
1191 1069 1232 1118 n)
1262 1069 1327 1106 Ex
1356 1071 1600 1118 coniungitur
1629 1081 1717 1107 cum
1746 1080 1885 1116 genere
1925 1072 2062 1107 neutro
2097 1070 2373 1108 adiectivorum
2400 1071 2439 1107 et
2465 1068 2583 1119 parti-

369 1143 567 1192 cipiorum,
597 1145 641 1181 ut
669 1143 895 1192 plerumque
924 1144 1045 1182 vicem
1074 1144 1342 1182 adverbiorum
1371 1145 1570 1182 obtineant
1597 1143 1660 1190 (ea.-
1689 1142 1901 1189 composito,
1939 1155 1987 1179 eat
2015 1145 2245 1187 transverso,
2274 1155 2322 1179 ex
2350 1142 2501 1187 occulto,
2531 1155 2578 1179 ex

367 1213 579 1263 insperato,
610 1227 658 1253 eac
685 1214 924 1264 necopinato,
953 1228 999 1254 ex
1027 1227 1275 1264 supervacuo,
1305 1228 1350 1254 ea:
1377 1228 1509 1266 aequo,
1537 1228 1583 1254 ex
1603 1214 1837 1265 propinquo,
1867 1227 1915 1254 ew
1943 1216 2037 1261 tuto,
2078 1228 2127 1254 ez
2146 1217 2402 1264 praeparato,
2438 1227 2487 1254 ex
2512 1214 2582 1254 ad-

365 1300 484 1334 verso,
513 1301 559 1326 ex
589 1290 736 1337 aperto,
765 1301 814 1326 ea:
840 1289 1038 1338 inproviso
1067 1289 1167 1340 etc.).
1218 1290 1255 1339 o)
1286 1289 1349 1327 Ea:
1378 1291 1424 1330 de
1454 1294 1623 1342 tempore
1654 1290 1795 1329 dicitur
1822 1291 1890 1329 aut
1918 1290 1984 1337 ita,
2016 1291 2060 1329 ut
2088 1288 2278 1340 significet
2306 1302 2387 1329 rem
2415 1290 2584 1341 aliquam

369 1375 391 1402 a
419 1365 524 1403 certo
553 1364 721 1414 quodam
741 1365 926 1416 temporis
947 1366 1089 1415 puncto
1109 1365 1262 1404 initium
1284 1376 1418 1417 capere
1448 1367 1515 1404 aut
1536 1365 1688 1404 omnino
1709 1366 1797 1416 post
1825 1364 1941 1403 aliam
1964 1363 2046 1403 fieri
2075 1366 2143 1405 aut
2167 1364 2311 1404 statim.
2333 1362 2382 1414 (v.
2401 1363 2582 1416 Kampm.

372 1451 407 1490 p.
438 1438 516 1486 20).
572 1439 613 1488 q)
641 1437 709 1476 Ea:
737 1452 826 1478 cum
854 1453 888 1478 v.
918 1450 979 1476 res
1008 1440 1256 1478 coniunctum
1286 1440 1387 1479 idem
1416 1441 1609 1490 significat
1638 1440 1739 1490 quod
1766 1440 1804 1478 in
1834 1439 2080 1478 commodum
2107 1439 2162 1478 rei
2191 1438 2227 1488 (e
2255 1450 2297 1476 re
2317 1437 2503 1488 publica).

477 1511 607 1551 Pme
634 1512 672 1561 a)
693 1513 739 1551 de
768 1514 851 1552 loco
880 1513 1022 1552 dicitur
1051 1512 1157 1564 (prae
1187 1526 1226 1553 se
1263 1526 1387 1563 agere,
1423 1527 1562 1563 gerere,
1600 1515 1741 1560 tenere,
1779 1513 1876 1552 ferre
1906 1512 2006 1562 etc.).
2061 1511 2103 1562 b)
2132 1513 2172 1551 in
2200 1512 2482 1563 comparatione
2511 1512 2581 1551 du-

372 1598 480 1625 arum
509 1598 638 1626 rerum
666 1591 888 1638 usurpatur.
946 1587 981 1636 c)
1011 1588 1055 1626 de
1093 1600 1208 1627 causa
1246 1588 1398 1635 dicitur,
1436 1588 1553 1627 etiam
1590 1588 1629 1626 in
1666 1586 1885 1626 affirmante
1925 1586 2118 1626 sententia
2152 1586 2278 1635 (obliti
2314 1598 2405 1637 prae
2433 1586 2582 1636 gaudio,

369 1672 461 1711 prae
489 1662 597 1698 metu
625 1683 675 1688 —-
705 1664 896 1699 extremos
926 1663 1118 1700 exclusere
1139 1662 1236 1708 etc.).
1283 1663 1328 1699 In
1348 1663 1623 1712 compositione
1644 1673 1732 1699 cum
1753 1661 1876 1699 verbis
1897 1671 2000 1707 prae
2025 1660 2246 1708 saepissime
2266 1660 2584 1708 significationem

370 1734 531 1772 localem
561 1745 690 1784 praep.
712 1735 876 1781 praeter
903 1735 1032 1781 habet,
1063 1737 1106 1774 ut
1135 1737 1172 1774 in
1194 1734 1432 1782 praefluere,
1454 1734 1670 1783 praeferri,
1692 1732 1915 1783 praegredi,
1936 1731 2151 1781 praevehi,·
2185 1744 2460 1781 nonnunquam
2489 1735 2586 1772 tem-

369 1807 473 1857 poris
501 1807 620 1845 habet
648 1808 979 1857 significationem,
1008 1809 1203 1847 interdum
1233 1822 1301 1859 per
1330 1810 1596 1859 pleonasmum
1625 1809 1765 1847 additis
1786 1808 1901 1847 etiam
1921 1806 2109 1845 adverbiis
2130 1807 2313 1856 temporis
2341 1807 2443 1851 ante,
2466 1805 2586 1853 prius

370 1878 672 1932 (praemeditari,
702 1883 974 1932 praecogitare,
1003 1881 1313 1933 praeoccupare).

479 1954 579 1993 Pro
607 1954 646 2005 a)
667 1955 713 1994 de
742 1956 825 1995 loco
854 1956 1005 1996 dicitur.
1062 1955 1103 2006 b)
1134 1957 1179 1996 de
1209 1957 1441 2004 defensione,
1470 1957 1516 1996 de
1545 1958 1602 2004 iis,
1623 1968 1718 2007 quae
1740 1957 1908 2006 aliquam
1927 1966 2009 1993 rem
2028 1955 2162 1993 iuvant
2185 1955 2252 1993 aut
2270 1939 2498 2004 promovent
2516 1956 2585 1993 aut

372 2031 543 2076 tuentur,
572 2042 668 2079 quae
698 2031 944 2069 commodum
973 2033 1012 2070 et
1038 2032 1250 2070 utilitatem
1279 2032 1511 2080 significant,
1541 2034 1583 2070 ut
1612 2031 1806 2070 interdum
1835 2031 1952 2068 etiam
1981 2030 2133 2068 dativus
2169 2040 2236 2078 pro
2270 2039 2313 2066 eo
2348 2028 2437 2078 poni
2465 2028 2586 2078 possit

376 2101 440 2153 (cf.
470 2104 595 2142 Hand.
624 2104 688 2151 IV,
717 2116 753 2155 p.
784 2103 889 2154 580).
945 2104 982 2154 c)
1012 2105 1153 2144 dicitur
1192 2117 1258 2156 pro
1298 2105 1386 2151 viee,
1429 2104 1505 2143 loco
1547 2105 1716 2152 alicuius,
1746 2106 1823 2152 aut,
1863 2103 1964 2154 quod
1992 2114 2069 2142 non
2096 2102 2267 2141 multum
2295 2100 2486 2140 diversum
2513 2103 2584 2149 est,

374 2189 441 2227 pro
471 2190 524 2224 eo,
553 2179 655 2228 quod
686 2179 853 2229 speciem
887 2179 1048 2218 alicuius
1078 2180 1132 2218 rei
1169 2180 1295 2218 induit
1331 2181 1391 2218 vel
1430 2180 1615 2225 imitatur,
1659 2179 1758 2228 quod
1803 2180 1925 2217 instar
1962 2180 2022 2216 est
2051 2176 2212 2215 alicuius
2241 2175 2314 2220 rei3
2345 2186 2456 2225 saepe
2483 2175 2585 2214 idem

373 2253 432 2289 est
460 2253 561 2301 quod
590 2254 646 2296 ut,
675 2254 884 2300 tamquam,
912 2252 1038 2300 quasi.
1094 2253 1167 2291 Sed
1197 2255 1312 2291 etiam
1341 2254 1388 2292 de
1418 2254 1542 2291 officio
1573 2266 1616 2291 ac
1644 2265 1800 2291 munere
1830 2253 1980 2298 dicitur,
2009 2262 2083 2300 quo
2112 2249 2250 2298 aliquis
2270 2248 2448 2296 fungitur
2475 2251 2514 2287 et
2541 2250 2587 2287 de

374 2325 432 2370 iis,
463 2337 560 2375 qnae
589 2326 752 2365 alicuius
780 2327 934 2365 nomine
969 2327 1029 2365 vel
1068 2327 1298 2365 auctoritate
1338 2330 1519 2375 aguntur,
1559 2340 1592 2365 v.
1622 2327 1748 2365 Hand.
1778 2339 1813 2377 p.
1843 2327 1916 2364 581
1948 2338 2029 2375 sqq.
2068 2325 2150 2374 (pro
2190 2324 2293 2360 certo
2331 2322 2482 2369 habere,
2519 2334 2587 2373 pro

376 2400 532 2438 consule
559 2400 715 2445 missus,
739 2412 847 2450 spem
877 2412 944 2450 pro
973 2412 1026 2445 re,
1055 2413 1122 2450 pro
1151 2401 1287 2438 nuntio
1317 2401 1401 2447 fuit,
1429 2401 1526 2438 nihil
1556 2414 1623 2451 pro
1651 2401 1884 2449 magistratu
1912 2411 2035 2449 agere,
2065 2398 2097 2436 si
2116 2420 2166 2424 -—
2186 2408 2254 2446 pro
2284 2395 2467 2434 dictatore
2497 2397 2588 2446 quid

377 2471 549 2523 egisset).
607 2471 651 2524 d)
681 2474 823 2512 dicitur
849 2486 917 2525 pro
946 2473 1154 2511 secundum
1173 2477 1241 2513 aut
1260 2486 1339 2523 pro
1358 2474 1510 2512 ratione
1537 2473 1707 2511 alieuius
1734 2473 1793 2511 rei
1811 2476 1850 2512 et
1868 2486 1945 2513 non
1965 2485 2052 2512 raro
2072 2469 2251 2510 adsciscit
2271 2468 2589 2519 significationem

376 2546 664 2585 distributivam
694 2546 779 2597 (pro
808 2548 979 2598 imperio,
1009 2559 1075 2598 pro
1103 2548 1202 2585 virili
1231 2550 1351 2599 parte,
1380 2560 1448 2599 pro
1469 2560 1508 2586 se
1532 2549 1702 2599 quisque,
1722 2548 1845 2586 maior
1865 2559 1982 2598 quam
2002 2558 2070 2598 pro
2091 2554 2249 2584 numero
2270 2540 2367 2590 etc.).
2417 2543 2452 2592 e)
2480 2555 2590 2583 usur-

376 2623 491 2670 patur
511 2633 589 2668 pro
618 2623 664 2660 de
694 2622 988 2672 compensandis
1017 2622 1131 2659 rebus
1160 2624 1199 2660 et
1228 2623 1274 2660 de
1303 2623 1436 2672 pretio.
1466 2634 1540 2671 quo
1570 2623 1697 2672 aliqua
1724 2634 1784 2660 res
1814 2622 2040 2672 expenditur
2068 2618 2209 2669 (Hand.
2237 2629 2273 2668 p.
2303 2617 2411 2665 585),
2447 2620 2493 2657 ut
2512 2629 2590 2666 pro

373 2693 497 2732 tantis
523 2694 716 2743 beneficiis
741 2694 896 2744 qratiae
924 2694 1152 2742 referendae
1179 2699 1250 2735 etc.

479 2768 559 2808 Ad
586 2770 625 2820 a)
646 2770 692 2810 de
720 2772 830 2810 motu
859 2770 907 2809 ad
935 2770 1105 2820 aliquam
1117 2782 1198 2810 rem
1219 2770 1364 2810 directo
1385 2773 1603 2821 usurpatur,
1631 2771 1709 2810 sive
1737 2771 1769 2810 is
1789 2772 1848 2811 est
1866 2782 1977 2810 verus
1992 2770 2121 2809 motus
2144 2766 2222 2806 sive
2240 2778 2308 2818 per
2325 2767 2591 2818 metaphoram

374 2844 614 2894 cogitandus.
680 2844 969 2895 Nonnunquam
1017 2844 1135 2883 etiam
1170 2845 1359 2884 temiinus
1398 2844 1638 2894 significatur
1674 2847 1743 2884 aut
1787 2845 1919 2884 addito
1954 2845 2024 2883 aut
2062 2841 2203 2883 omisso
2242 2840 2420 2880 adverbio
2459 2851 2591 2890 usque.

374 2918 416 2967 b)
444 2917 499 2956 ad
525 2919 683 2969 ponitur
710 2919 756 2957 de
785 2919 926 2969 quiete,
948 2919 995 2957 de
1022 2930 1073 2965 re,
1102 2930 1199 2968 quae
1229 2920 1345 2958 aliam
1373 2930 1454 2957 rem
1483 2920 1641 2969 attingit
1668 2920 1727 2958 vel
1754 2920 1794 2958 in
1823 2919 1904 2960 eius
1932 2918 2132 2958 vicinitate
2157 2915 2285 2965 posita
2312 2917 2383 2962 est,
2419 2916 2464 2954 ut
2490 2915 2593 2955 idem

370 3004 651 3043 nonnunquam
679 2993 882 3043 significet,
912 2993 1014 3044 quod
1041 2992 1152 3041 apud
1178 2992 1241 3042 (cf.
1272 2993 1398 3032 Hand.
1428 2992 1590 3032 Tursell.
1618 2993 1649 3044 Ι,
1678 3007 1712 3045 p.
1743 2995 1793 3034 88
1822 2993 1933 3044 sqq.)
1988 2991 2026 3041 c)
2053 2990 2109 3029 ad
2133 3001 2266 3041 praep.
2293 2989 2448 3029 additur
2473 2990 2593 3029 etiam

370 3067 594 3107 nominibus
621 3067 787 3114 urbium,
816 3068 1027 3117 regionum,
1055 3068 1280 3115 insularum,
1309 3078 1389 3106 non
1410 3078 1520 3107 secus
1548 3068 1580 3107 si
1608 3070 1737 3108 motus
1766 3068 1994 3119 exprimitur
2022 3078 2067 3106 ac
2095 3065 2128 3105 si
2157 3065 2264 3115 quies
2284 3065 2323 3104 et
2341 3064 2592 3105 commoratio

383 3141 636 3192 significatur.
693 3140 734 3180 Si
762 3152 851 3181 cum
878 3141 1032 3181 urbium
1069 3141 1291 3180 nominibus
1333 3141 1585 3182 coniunctum
1622 3140 1677 3179 ad
1714 3141 1761 3181 de
1803 3142 1913 3182 motu
1953 3140 2106 3188 dicitur,
2141 3149 2221 3179 non
2247 3137 2507 3179 necessarium
2533 3139 2594 3180 est
