2882 3593
1452 259 1501 296 10

372 395 546 434 tentione
577 393 722 444 (Hand.
755 395 920 443 Tursell.
949 395 998 442 Π,
1027 407 1063 446 p.
1095 394 1200 445 114).
1255 395 1291 444 c)
1320 395 1537 446 Separatim
1566 406 1823 434 commemoro
1862 396 1997 434 contra
2025 407 2083 442 ca,
2123 396 2225 447 quod
2261 395 2364 435 idem
2399 393 2595 445 significat

372 470 491 520 atque
520 468 748 509 adverbium
776 470 912 507 contra
942 472 982 509 et
1009 472 1221 521 usurpatur
1246 470 1286 509 in
1319 470 1555 521 opponendis
1593 471 1743 510 duabus
1783 469 1986 510 sententiis
2025 472 2239 511 contrariis.
2293 470 2464 510 Verbum
2492 480 2595 509 com-

372 542 544 596 positum
572 545 633 584 est
661 542 767 591 vm,
795 544 831 592 2,
859 545 883 584 2
911 542 1136 583 contradici.
1927 544 1930 548 '

477 621 623 658 extra
649 617 688 668 a)
717 618 857 657 dicitur
884 618 931 657 de
958 618 1042 658 loco
1072 620 1111 658 et
1139 619 1185 658 de
1212 618 1337 666 rebuS,
1366 629 1462 670 quae
1489 630 1558 670 per
1584 619 1850 670 metaphoram
1878 631 1947 670 pro
1976 619 2058 660 loco
2081 619 2332 671 accipiuntur.
2379 617 2418 668 b)
2446 617 2493 658 de
2521 629 2593 657 ex-.

377 692 553 743 ceptione
588 692 741 739 dicitur,
774 694 820 731 ut
852 692 955 731 idem
992 693 1043 732 sit
1083 693 1184 742 quod
1214 693 1387 740 praeter.
1444 693 1546 740 VIII,
1575 695 1636 741 32,
1665 694 1689 731 8
1718 694 1832 730 eoetra
1868 704 1925 730 ea.
1989 694 2128 741 XXVI,
2163 695 2223 741 34,
2263 694 2287 732 3
2324 693 2438 730 extra
2489 689 2598 741 filias

374 767 437 811 47,
466 767 492 804 4
519 767 635 802 extra
664 764 737 802 hac
763 764 1053 802 multitudinem
1082 768 1153 804 etc.

481 839 618 879 inter
646 838 684 888 a)
713 839 759 878 de
788 839 872 878 loco
901 839 1042 879 dicitur
1070 841 1109 879 et
1136 840 1183 879 de
1211 840 1325 879 rebus
1354 840 1393 878 in
1422 840 1550 889 aliquo
1578 841 1660 879 loco
1684 840 1928 879 versantibus
1957 843 2026 879 aut
2063 841 2210 890 positis,
2249 842 2342 879 item
2379 840 2425 878 de
2463 839 2595 877 multi-

375 912 511 953 tudine
540 913 670 964 aliqua
698 912 759 952 vel
784 924 946 952 numero
986 914 1054 952 aut
1092 913 1201 965 copia
1234 925 1374 960 rerum,
1416 913 1455 952 in
1493 925 1568 963 qua
1606 914 1690 964 quis
1727 915 1913 953 versatur.
1969 910 2011 963 b)
2039 912 2145 951 iuter
2181 926 2269 953 cum
2306 912 2593 964 pronominibus

375 988 643 1038 personalibus
672 988 932 1032 coniunctum,
961 985 1065 1023 inter
1091 998 1172 1031 uos,
1200 986 1305 1024 inter
1332 998 1407 1031 vos,
1436 986 1540 1023 iuter
1566 998 1616 1032 se,
1644 989 1822 1025 mutuam
1841 987 2034 1025 actionem
2057 987 2245 1038 exprimit.
2291 987 2325 1037 c)
2354 988 2400 1027 de
2420 989 2592 1039 tempore

377 1062 526 1107 dicitur,
555 1073 630 1111 quo
658 1061 857 1099 referenda
885 1062 977 1099 sunt
1005 1062 1124 1099 etiam
1152 1063 1308 1100 nomina
1335 1073 1463 1100 rerum
1491 1062 1530 1099 in
1559 1064 1730 1112 tempore
1760 1061 1952 1099 factarum
1981 1063 2022 1099 et
2050 1062 2290 1100 condiciones
2324 1073 2461 1110 rerum,
2499 1061 2593 1101 item

376 1135 483 1174 inter
510 1149 600 1175 cum
627 1136 823 1184 gerundiis
852 1138 892 1174 et
920 1137 1139 1184 gerundivis
1170 1138 1374 1175 verborum
1403 1138 1660 1175 coniunctum.

482 1209 626 1248 intra
654 1207 691 1258 a)
720 1208 862 1248 dicitur
889 1208 934 1248 de
963 1209 1058 1248 loco.
1114 1208 1156 1258 b)
1186 1210 1231 1249 de
1261 1212 1445 1261 tempore.
1501 1210 1537 1260 c)
1567 1223 1655 1249 cum
1682 1221 1932 1249 numerorum
1959 1210 2180 1249 nominibus
2207 1209 2462 1260 coniungitur.

482 1283 539 1322 ob
566 1283 604 1331 a)
633 1283 680 1321 de
708 1284 789 1322 loco
818 1283 959 1322 dicitur
987 1283 1170 1330 XXVIII,
1204 1285 1265 1330 19,
1298 1285 1346 1322 14
1374 1284 1417 1322 ob
1446 1283 1572 1322 oculos
1599 1285 1694 1321 erat.
1749 1284 1789 1332 b)
1818 1283 1865 1321 de
1894 1280 2020 1321 causa.

476 1366 575 1405 per
602 1356 639 1405 a)
669 1357 810 1395 dicitur
838 1357 884 1395 de
913 1357 1006 1396 loco.
1061 1356 1101 1406 b)
1133 1357 1179 1396 de
1208 1359 1383 1408 tempore
1421 1358 1561 1397 dicitur
1594 1360 1633 1397 et
1662 1356 1908 1407 coniungitur
1947 1357 2065 1396 etiam
2103 1368 2192 1396 cum
2231 1356 2459 1404 nominibus,
2496 1369 2592 1408 quae

377 1443 439 1470 res
466 1432 506 1470 in
535 1434 706 1482 tempore
736 1431 858 1469 factas
887 1431 1118 1481 significant.
1176 1431 1212 1480 c)
1241 1432 1288 1470 de
1318 1444 1434 1471 causa
1462 1432 1605 1471 dicitur
1643 1433 1682 1471 et
1710 1431 1958 1482 coniungitur
1990 1431 2155 1470 maxime
2193 1431 2348 1481 quidem
2386 1442 2474 1470 cum
2509 1442 2595 1483 per-

379 1517 572 1552 sonarum,
601 1505 668 1544 sed
697 1505 816 1543 etiam
845 1517 934 1544 cum
967 1517 1095 1544 rerum
1123 1506 1354 1545 nominibus.
1410 1506 1516 1554 Quae
1544 1507 1642 1545 ratio
1671 1506 1905 1545 transfertur
1938 1505 2056 1544 etiam
2084 1505 2133 1544 ad
2162 1516 2238 1551 eos,
2276 1505 2341 1555 qui
2368 1516 2444 1543 non
2471 1505 2594 1555 impe-

380 1580 501 1627 diunt,
529 1579 597 1619 sed
626 1579 853 1626 concedunt,
882 1581 926 1618 ut
954 1579 1097 1628 aliquid
1125 1580 1195 1619 fiat
1224 1581 1339 1629 atque
1368 1581 1417 1619 ad
1446 1592 1510 1619 eas
1539 1591 1611 1626 res,
1640 1580 1851 1619 secundum
1871 1591 1967 1629 quas
1996 1579 2140 1629 aliquid
2171 1579 2234 1627 agi
2252 1579 2366 1617 liceat
2386 1577 2449 1628 (cf.
2467 1578 2593 1617 Hand.

380 1654 543 1693 Tursell.
572 1652 637 1699 IV,
667 1665 703 1702 p.
732 1651 838 1701 439).
885 1652 948 1692 Sic
977 1653 1128 1703 saepius
1156 1655 1319 1703 usurpat
1347 1654 1478 1692 Livius
1506 1654 1740 1692 locutionem
1767 1654 1846 1690 stat
1866 1665 1942 1700 per
1968 1652 2149 1701 aliquem.
2196 1654 2235 1701 d)
2254 1655 2464 1703 usurpatur
2486 1663 2595 1703 prae-

378 1727 519 1779 positio
540 1738 618 1776 per
644 1726 684 1765 in
714 1727 887 1775 iurando,
917 1727 1156 1774 obtestando,
1186 1729 1389 1778 precando.
1445 1727 1483 1778 e)
1513 1727 1769 1777 Coniungitur
1797 1739 1883 1766 cum
1922 1728 2211 1779 pronominibus
2247 1728 2522 1778 personalibus,
2550 1729 2596 1766 ut

378 1801 525 1841 indicet
553 1801 617 1851 agi
644 1812 727 1840 rem
755 1801 837 1840 sine
865 1802 1025 1841 alterius
1054 1813 1125 1852 ope
1153 1804 1222 1841 aut
1250 1802 1408 1841 consilio
1446 1803 1507 1841 vel
1541 1815 1620 1842 non
1654 1802 1738 1842 aliis
1775 1802 1889 1841 rebus
1928 1802 2081 1841 additis.
2144 1800 2263 1851 Saepe
2297 1801 2444 1840 accedit
2479 1801 2596 1840 etiam

378 1874 463 1923 ipse
502 1873 553 1925 (v.
580 1874 708 1914 Hand.
737 1874 900 1914 Tursell.
936 1875 1002 1922 IV,
1043 1888 1078 1926 p.
1107 1874 1211 1925 441).
1267 1875 1300 1924 f)
1329 1876 1376 1914 de
1410 1877 1524 1915 modo
1557 1888 1686 1915 rerum
1728 1876 1965 1925 agendarum
2009 1876 2151 1915 dicitur
2195 1874 2278 1926 (per
2319 1874 2494 1925 speciem,
2528 1885 2596 1925 per

380 1949 621 1989 occasionem
649 1949 727 1988 sive
756 1949 986 1995 occasiones,
1016 1960 1084 1999 per
1120 1950 1229 1996 iram,
1265 1962 1333 2000 per
1370 1951 1563 1999 ambages,
1605 1961 1672 2000 per
1699 1949 1906 1996 lasciviam,
1945 1961 2013 2001 per
2040 1961 2207 1997 causam,
2240 1960 2308 2000 per
2343 1947 2595 1986 contumelias

381 2022 491 2073 (am),
519 2035 588 2074 per
609 2023 802 2070 iniuriam,
834 2024 1129 2073 neglegentiam,
1159 2035 1227 2074 per
1255 2025 1390 2070 otium,
1419 2036 1486 2074 per
1516 2025 1710 2070 virtutem,
1739 2036 1808 2075 per
1835 2024 2079 2064 commodum
2113 2024 2169 2063 rei
2196 2023 2383 2074 publicae,
2418 2033 2485 2072 per
2512 2033 2597 2072 pro-

381 2097 633 2144 cursationes,
662 2109 731 2148 per
758 2097 1055 2144 simulationem,
1093 2108 1161 2148 per
1201 2097 1343 2145 dolum,
1388 2110 1457 2149 per
1497 2096 1717 2145 ludibrium,
1760 2110 1828 2149 per
1864 2098 2003 2145 iocum,
2047 2110 2115 2149 per
2151 2108 2347 2136 summum
2375 2095 2501 2142 decus,
2530 2107 2597 2146 per

381 2171 597 2222 conloquia,
625 2183 694 2222 per
722 2171 922 2210 libidinem
952 2174 1021 2211 aut
1048 2173 1208 2218 metum,
1237 2184 1305 2222 per
1333 2173 1649 2223 desperationem,
1678 2184 1746 2223 per
1772 2173 1933 2219 litteras,
1963 2185 2032 2223 per
2060 2183 2239 2218 errorem,
2267 2183 2336 2222 per
2363 2170 2498 2216 scelus,
2527 2180 2596 2219 per

381 2246 634 2291 excursiones,
663 2257 730 2296 per
757 2257 935 2292 errorem,
964 2257 1033 2297 per
1060 2257 1239 2285 somnum
1266 2246 1484 2296 vinumque,
1512 2259 1579 2296 per
1606 2246 1793 2293 fraudem,
1829 2258 1898 2297 per
1924 2247 2013 2293 vim,
2041 2258 2110 2297 per
2137 2246 2317 2291 furorem,
2346 2256 2414 2295 per
2441 2243 2597 2282 cavilla-

380 2319 539 2366 tionem,
568 2331 637 2370 per
665 2319 842 2368 gratiam,
869 2331 938 2371 per
964 2319 1135 2365 insidias,
1166 2331 1235 2370 per
1263 2319 1468 2366 fallaciam,
1497 2331 1564 2370 per
1602 2321 1816 2360 vanitatem
1853 2320 1956 2369 etc).
2013 2320 2053 2369 g)
2082 2319 2370 2369 Nonnunquam
2395 2328 2472 2365 per
2509 2327 2598 2356 con-

378 2383 555 2442 iungitur
582 2405 671 2433 cum
698 2393 918 2432 nominibus
946 2405 1087 2439 rerum,
1116 2405 1215 2442 quae
1243 2406 1333 2432 cum
1360 2395 1512 2433 actione
1540 2395 1706 2443 quadam
1727 2395 1954 2433 coniunctae
1974 2396 2076 2439 sunt,
2105 2406 2191 2432 eam
2219 2393 2453 2430 comitantur
2474 2392 2594 2441 quasi.

380 2466 422 2516 h)
448 2478 521 2515 per
547 2463 641 2504 haec
666 2466 771 2505 idem
799 2468 859 2506 est
887 2467 1010 2518 quod:
1038 2467 1098 2506 his
1126 2467 1242 2506 rebus
1270 2468 1439 2518 agendis,
1468 2468 1528 2507 his
1555 2469 1670 2509 rebus
1697 2470 1752 2508 ita
1780 2480 1819 2509 se
1847 2469 2078 2509 habentibus
2107 2467 2248 2518 (Hand.
2269 2479 2305 2519 p.
2326 2465 2431 2517 445).
2477 2465 2506 2516 i)
2519 2476 2597 2514 per

382 2542 560 2593 exprimit
587 2541 851 2582 condicionem
878 2553 1017 2589 rerum,
1046 2553 1122 2593 qua
1149 2542 1411 2582 intercedente
1446 2542 1590 2593 aliquid
1629 2543 1767 2593 agitur.
1822 2543 1851 2590 I,
1880 2543 1914 2591 9,
1945 2544 1993 2582 13
2015 2554 2093 2591 per
2124 2541 2191 2591 fas
2226 2552 2273 2579 ac
2297 2540 2414 2590 sidem
2439 2540 2595 2591 decepti,

381 2627 416 2655 v.
435 2615 543 2655 Grut.
563 2618 636 2655 etc.
686 2615 727 2665 k)
748 2628 827 2663 per
847 2627 1006 2653 eausam
1034 2616 1195 2655 alicuius
1223 2618 1279 2655 rei
1298 2617 1440 2655 dicitur
1459 2620 1665 2655 extenuata
1685 2619 1857 2656 oratione
1877 2618 1925 2655 ad
1947 2617 2197 2656 indicandum
2220 2616 2270 2663 id,
2299 2617 2401 2666 quod
2427 2616 2596 2667 'aliquem

383 2692 623 2731 commoveat
650 2691 699 2730 ad
727 2691 921 2740 agendum
949 2692 1017 2730 aut
1044 2704 1119 2741 quo
1146 2692 1301 2730 nomine
1330 2692 1475 2741 aliquid
1510 2692 1711 2731 efficiatur.
1767 2692 1969 2732 Interdum
2006 2692 2125 2731 etiam
2161 2692 2207 2730 de
2247 2692 2446 2740 praetextu
2481 2702 2595 2729 usur-

382 2765 499 2816 patur
526 2762 670 2816 (Hand.
698 2777 734 2817 p.
762 2764 868 2815 446).
922 2764 1048 2814 XXII,
1082 2765 1143 2813 61,
1179 2765 1202 2805 8
1231 2776 1309 2814 per
1337 2775 1496 2804 causam
1531 2764 1819 2816 recoynoscendi
1854 2764 2025 2805 nomina.
2084 2765 2136 2813 II,
2172 2766 2235 2813 32,
2274 2765 2294 2804 1
2326 2776 2403 2814 per
2438 2775 2596 2804 causam

382 2838 561 2876 renovati
587 2838 635 2876 ab
662 2838 812 2887 Aequis
839 2838 939 2877 belli.
994 2840 1022 2887 1)
1043 2851 1121 2887 per
1147 2838 1279 2877 omnia
1305 2854 1359 2871 =
1386 2840 1425 2878 in
1453 2840 1641 2888 omnibus,
1671 2840 1837 2880 omnino.

489 2911 605 2951 Post
631 2912 669 2960 a)
698 2913 744 2951 de
772 2913 867 2952 loco.
921 2912 961 2961 b)
990 2913 1036 2952 de
1065 2913 1195 2952 ordine
1224 2925 1353 2952 rernm
1377 2913 1518 2951 dicitur
1536 2914 1575 2951 et
1601 2913 1835 2952 transfertur
1854 2913 1902 2952 ad
1922 2914 2153 2964 dignitatem
2174 2913 2240 2959 ita,
2259 2914 2406 2951 utrem
2434 2912 2595 2952 alteram

383 2985 581 3032 maiorem,
617 2987 778 3026 alteram
806 2988 995 3026 minorem
1017 2987 1299 3038 intellegamus.
1354 2987 1404 3035 H,
1434 2988 1494 3034 56,
1524 2988 1547 3025 2
1567 2989 1659 3035 post
1688 2987 1888 3036 publicam
1925 2998 2084 3026 causam
2108 2985 2275 3036 privato.
2297 2984 2426 3025 dolore
2451 2984 2593 3025 habito.

383 3058 420 3108 c)
448 3059 496 3099 de
524 3060 708 3110 tempore.

488 3131 698 3175 Praeter
725 3132 762 3186 a)
791 3134 838 3174 de
865 3134 949 3177 loco
978 3134 1132 3177 dicitur.
1187 3133 1229 3187 b)
1256 3134 1304 3175 de
1331 3134 1447 3176 rebus
1475 3134 1746 3176 excedentibus
1779 3136 1841 3177 vel
1879 3120 2081 3178 contrariis
2108 3134 2170 3175 vel
2204 3133 2402 3176 alienatis:
2430 3135 2595 3184 praeter
