2882 3593
1510 259 1560 298 18

425 407 494 446 per
520 407 569 433 ne
595 396 825 446 particulam
855 395 1091 445 exprimitur,
1121 396 1199 434 iam
1226 397 1266 434 in
1295 397 1555 446 superioribus
1584 398 1759 447 exposita
1787 397 1837 435 sit
1866 397 1936 444 (sic
1963 398 1993 444 I,
2021 399 2083 445 33,
2103 399 2154 446 3).
2200 399 2240 447 b)
2261 398 2477 449 Separatim
2507 397 2634 436 afferri

424 471 588 520 possunt
616 481 681 509 eae
709 480 832 516 voceS,
860 480 957 519 quae
986 469 1165 509 timorem
1194 471 1422 519 significant.
1478 471 1513 517 c)
1541 483 1590 508 ne
1617 472 1656 510 in
1690 471 1864 509 oratione
1904 472 2058 521 obliqua
2098 473 2253 511 additur
2290 472 2634 511 adhortationibus.

425 543 465 591 d)
493 554 542 580 ne
568 543 624 582 ita
659 543 826 594 ponitur,
863 544 907 581 ut
944 555 1021 582 11011
1059 544 1109 582 311
1147 547 1280 595 aptum
1310 556 1329 582 e
1358 544 1471 583 verbo
1515 545 1641 595 aliquo
1684 556 1920 596 praegresso,
1966 546 2033 584 sed
2076 558 2144 597 per
2187 559 2226 586 se
2263 548 2455 586 extantem
2492 545 2635 585 efficiat

424 617 742 663 enuntiationem,
771 629 868 666 quae
898 618 1221 667 significationem
1249 619 1365 657 habet
1394 618 1552 656 consilii.
1610 619 1644 664 e)
1664 630 1712 654 ue
1740 630 2017 667 nonnunquam
2046 621 2244 669 repetitur.
2291 621 2375 658 Alio
2400 619 2512 658 modo
2541 630 2632 658 0011-

422 689 579 730 formati
621 692 712 730 sunt
754 691 794 729 hi
836 691 930 730 loci:
972 691 1038 738 IV,
1077 693 1112 737 4,
1154 693 1198 731 11
1237 691 1305 740 (ne
1333 714 1382 719 ——
1411 703 1479 729 uec
1509 714 1554 718 —
1585 691 1664 740 ne),
1708 705 1740 730 v.
1778 693 1893 731 Drak.
1930 692 1980 739 II,
2009 695 2070 739 32,
2111 695 2158 732 10
2189 693 2257 742 (ne
2286 715 2336 720 —
2363 704 2432 730 uec
2459 715 2509 719 -
2536 692 2634 742 nec).

421 763 640 812 XXXVHI,
667 766 704 811 4,
735 765 784 804 10
813 764 881 814 (ne
911 788 959 794 —
989 767 1025 803 et
1052 766 1161 816 non).
1208 767 1404 811 XXXVII,
1434 767 1495 813 53,
1525 768 1548 805 6
1578 765 1646 815 (ne
1667 789 1717 792 ——
1736 778 1828 804 nez-e
1856 778 1935 804 non
1962 766 2086 805 solum
2106 790 2156 794 —
2175 767 2242 805 sed
2268 767 2384 805 etiam
2410 767 2490 817 ne),
2520 780 2552 805 v.
2572 767 2633 805 W.

530 836 630 878 Cum
658 839 878 880 coniunctio
908 852 996 879 cum
1025 842 1268 880 coniunctivo
1298 842 1440 880 iuncta.
1497 839 1536 890 a)
1566 852 1648 877 cum
1679 841 1900 891 temporale,
1940 854 2008 891 per
2048 843 2149 891 quod
2179 855 2290 893 saepe
2328 844 2443 882 etiam
2472 842 2635 892 repetita

422 913 524 952 actio
552 913 758 953 indicatur.
815 914 854 962 b)
883 924 968 951 cum
997 926 1085 953 cum
1123 915 1217 953 coni.
1256 915 1437 954 describit
1476 916 1628 954 tantum
1667 917 1813 954 statum
1850 926 1978 954 rerum
2016 915 2092 955 fere
2132 917 2239 956 nulla
2276 916 2460 967 temporis
2488 915 2633 955 ratione

422 988 559 1026 habita
587 991 656 1026 aut
684 991 882 1037 comparat
911 989 1077 1026 rationes
1113 1000 1241 1026 rerum
1280 990 1440 1027 duarum
1482 989 1559 1026 sive
1599 990 1807 1034 actionum,
1845 989 2039 1026 interdum
2080 990 2221 1029 dicitur
2257 991 2373 1029 etiam
2400 990 2446 1028 de
2475 989 2633 1035 actione,

422 1073 522 1110 quae
550 1062 590 1100 in
617 1062 720 1101 idem
750 1075 839 1100 cum
859 1063 979 1101 altera
1000 1066 1155 1112 tempus
1175 1063 1321 1101 incidit.
1370 1065 1404 1108 c)
1433 1074 1516 1099 cum
1538 1064 1702 1101 causale.
1754 1064 1793 1108 d)
1816 1064 2020 1100 Diversum
2044 1066 2103 1100 est
2125 1065 2172 1101 ab
2194 1076 2237 1102 eo
2256 1075 2340 1100 cnm
2359 1062 2635 1111 epeaeeyetloum

424 1134 526 1183 quod
555 1134 680 1174 dicere
709 1135 842 1186 possis,
871 1148 945 1185 quo
975 1136 1182 1185 singularis
1214 1136 1402 1185 quaedam
1432 1137 1535 1175 notio
1565 1136 1840 1175 enuntiationis
1878 1137 2091 1185 explicatur
2125 1139 2164 1175 et
2193 1138 2429 1176 describitur.
2486 1135 2523 1182 e)
2551 1147 2635 1172 cum

423 1208 696 1247 concessivum.

528 1282 589 1321 Ad
617 1283 836 1333 analogiam
864 1283 1146 1322 coniunctionis
1176 1294 1261 1320 cum
1290 1285 1407 1323 etiam
1437 1284 1626 1335 particula
1655 1283 1841 1335 temporis
1869 1282 1936 1321 ubi
1965 1284 2003 1322 in
2032 1284 2182 1323 actione
2219 1285 2381 1335 repetita
2417 1296 2504 1323 cum
2543 1295 2633 1322 con-

422 1356 589 1395 iunctivo
617 1357 832 1407 imperfecti
862 1359 899 1395 et
927 1358 1295 1408 plusquamperfecti
1327 1358 1584 1407 coniungitur.
1642 1356 1852 1405 Postquam
1879 1370 1956 1400 uno
1985 1358 2068 1396 loco
2098 1358 2219 1405 XXII,
2242 1359 2274 1405 1,
2298 1360 2320 1397 2
2342 1358 2390 1397 ad
2418 1357 2633 1407 analogiam

421 1431 525 1471 vocis
553 1441 640 1469 cum
668 1443 755 1470 cum
784 1432 880 1470 coni.
909 1435 969 1471 est
998 1433 1271 1472 coniunctum:
1295 1434 1506 1480 postquam
1536 1455 1584 1458 -—
1612 1431 1797 1469 viderent.
1852 1431 2095 1481 Quamquam
2123 1433 2244 1472 tribus
2273 1433 2365 1472 locis
2393 1433 2432 1471 in
2461 1431 2634 1471 enuntia-

422 1506 592 1545 tionibus
619 1518 697 1544 11011
726 1506 880 1544 aliunde
910 1507 1167 1556 pendentibus
1197 1519 1285 1545 cum
1315 1507 1559 1545 coniunctim
1589 1507 1765 1545 iunctum
1794 1508 1862 1553 est,
1892 1506 2066 1553 XXXVI,
2095 1507 2156 1553 34,
2185 1508 2229 1553 ὃς
2258 1506 2471 1553 XXXVIII,
2500 1506 2534 1552 9,
2565 1505 2631 1550 11;

422 1580 536 1627 XLV,
567 1581 626 1627 17,
657 1581 691 1618 7.

528 1651 637 1691 Dum
665 1654 882 1693 coniunctio
911 1653 949 1703 a)
978 1654 1133 1704 ponitur
1162 1655 1200 1693 in
1229 1656 1390 1702 actione,
1419 1668 1516 1705 quae
1545 1656 1584 1693 in
1612 1655 1714 1693 idem
1743 1668 1830 1693 011111
1859 1655 1934 1693 3113
1962 1655 2111 1692 actione
2148 1656 2299 1704 tempus
2328 1653 2470 1692 incidit.
2516 1651 2633 1690 Nulla

422 1727 498 1766 alia
526 1739 642 1767 causa
669 1728 929 1766 intercedente
958 1728 1115 1778 ponitur
1143 1728 1384 1775 indicativus,
1415 1729 1481 1767 sed
1502 1729 1696 1783 nonnullis
1717 1730 1845 1767 tamen
1865 1728 1958 1766 locis
1987 1727 2068 1766 sine
2096 1727 2170 1766 hac
2199 1737 2315 1765 causa
2342 1725 2391 1764 ad
2419 1725 2632 1774 analogiam

421 1802 525 1840 vocis
553 1812 639 1838 cum
667 1802 933 1840 coniunctivus
962 1805 1170 1853 usurpatus
1199 1805 1267 1841 est.
1325 1804 1364 1850 b)
1394 1804 1440 1841 de
1470 1804 1619 1842 actione
1662 1803 1799 1841 dicitur
1832 1802 1871 1841 in
1911 1802 2012 1840 idem
2042 1804 2195 1851 tempus
2225 1812 2312 1839 cum
2342 1799 2416 1838 alia
2442 1799 2633 1838 incidente

420 1876 478 1915 ita
511 1877 558 1915 ut
594 1876 783 1916 terminus
821 1875 1021 1922 indicetur,
1061 1876 1108 1915 ad
1148 1889 1263 1926 quem
1306 1889 1394 1915 cum
1430 1877 1551 1915 altera
1593 1877 1692 1915 actio
1735 1876 1916 1926 pervenit,
1960 1878 2123 1925 utraque
2161 1875 2311 1913 desinit.
2365 1872 2467 1919 XXI,
2507 1874 2567 1919 53,
2596 1874 2631 1910 9.

422 1950 458 1999 0)
486 1950 655 2002 ponitur,
685 1962 774 1991 cum
802 1950 1003 1997 terminus,
1032 1950 1080 1990 ad
1110 1962 1224 2000 quenl
1253 1951 1383 2000 aliqua
1411 1951 1510 1990 actio
1540 1950 1699 2001 produci
1728 1950 1877 1996 dicitur,
1905 1949 1944 1988 id
1982 1948 2137 1994 indicat,
2176 1961 2250 1998 quo
2289 1947 2373 1996 quis
2402 1946 2447 1985 de
2477 1946 2632 1986 consilio

421 2025 548 2064 tendit
576 2025 642 2073 (=
671 2025 801 2071 donec,
830 2037 952 2075 usque
981 2025 1100 2072 dum).
1147 2024 1188 2071 d)
1208 2025 1372 2064 refertur
1400 2025 1447 2064 ad
1478 2025 1751 2073 condicionem,
1780 2036 1855 2074 qua
1885 2024 2012 2074 aliqua
2042 2023 2232 2062 sententia
2260 2022 2319 2061 vel
2344 2033 2404 2060 res
2427 2021 2630 2059 coercetur.

422 2099 458 2147 e)
485 2099 640 2139 nedum.

528 2174 804 2214 Coniunctivus
833 2176 921 2224 post
949 2174 1261 2212 coniunctionem
1289 2172 1391 2221 quod
1419 2175 1571 2223 praeter
1600 2185 1663 2211 eas
1692 2173 1914 2217 sententias,
1952 2173 1990 2210 in
2021 2172 2159 2220 quibus
2197 2183 2274 2208 non
2303 2169 2488 2207 obiectiva
2517 2180 2632 2207 causa

421 2248 656 2299 exprimitur,
680 2248 747 2287 sed
776 2260 795 2287 e
823 2249 952 2286 mente
973 2247 1131 2286 alterius
1154 2248 1413 2298 pronuntiata,
1438 2260 1534 2297 quae
1565 2248 1760 2298 pertinent
1788 2248 1836 2286 ad
1866 2247 2075 2285 orationem
2111 2245 2316 2294 obliquam,
2356 2245 2440 2282 tum
2467 2243 2631 2293 ponitur,

425 2334 514 2362 cum
542 2334 659 2363 causa
686 2334 765 2362 11011
793 2333 892 2368 vera,
922 2321 988 2360 sed
1018 2333 1037 2360 e
1067 2322 1298 2371 cogitatione
1328 2323 1481 2360 tantum
1510 2333 1695 2372 suspensa
1724 2322 1972 2370 significatur.
2027 2319 2112 2359 Uno
2148 2321 2303 2358 tantum
2339 2318 2421 2356 1000
2458 2317 2538 2356 31110
2565 2317 2633 2355 1311

422 2409 540 2437 causa
566 2396 670 2446 quod
698 2396 942 2436 coniunctivo
962 2397 1021 2435 est
1041 2396 1299 2443 coniunctum,
1320 2397 1364 2443 V,
1386 2397 1420 2442 1,
1443 2398 1477 2442 6,
1497 2396 1598 2446 quod
1618 2396 1778 2435 fortasse
1806 2395 1853 2434 ad
1874 2394 2090 2444 analogiam
2112 2404 2194 2430 cum
2216 2391 2381 2431 causalis
2399 2390 2546 2429 factum
2565 2391 2632 2429 est.

527 2472 755 2524 Spectemus
784 2471 919 2509 deinde
949 2470 1235 2509 coniunctivum
1265 2471 1304 2508 in
1334 2470 1665 2508 enuntiationibus
1705 2470 1885 2508 relativis.
1951 2469 1988 2516 a)
2023 2468 2071 2506 ad
2109 2467 2327 2515 analogiam
2354 2465 2456 2503 vocis
2484 2475 2568 2501 cum
2593 2464 2633 2503 in

421 2559 479 2586 en.
517 2547 689 2586 relativis
732 2545 999 2584 coniunctivus
1041 2544 1215 2594 ponitur,
1258 2545 1290 2582 si
1334 2544 1434 2583 actio
1478 2544 1708 2583 describitur
1751 2544 1925 2594 repetita.
1997 2543 2037 2588 b)
2080 2542 2111 2579 si
2154 2539 2355 2579 consilium
2397 2538 2630 2588 exprimitur.

421 2621 456 2669 c)
483 2620 761 2660 Enuntiatione
789 2618 952 2657 relativa
979 2618 1146 2668 qualitas
1175 2630 1360 2668 personae
1389 2619 1449 2656 vel
1477 2618 1531 2656 rei
1569 2618 1805 2656 describitur.
1870 2617 1910 2662 d)
1939 2616 2080 2664 Enunt.
2109 2616 2175 2653 rel.
2205 2613 2489 2652 consecutivam
2516 2613 2633 2651 habet

422 2694 754 2744 significationem.
801 2693 836 2740 e)
857 2692 971 2731 Pron.
1001 2693 1111 2731 relat.
1140 2694 1229 2742 post
1248 2690 1391 2740 diynus
1411 2694 1450 2730 et
1469 2690 1655 2739 *indiynus
1675 2692 1865 2729 adnexum
1884 2691 2003 2728 habet
2023 2688 2319 2728 coniunctivum.
2369 2686 2400 2732 f)
2419 2686 2633 2724 Pronomen

419 2768 623 2808 relativum
640 2770 731 2806 cum
754 2765 997 2806 coniunctivo
1021 2765 1270 2804 coniunctum
1302 2765 1537 2804 limitantem
1559 2766 1597 2804 et
1616 2764 1912 2814 restringentem
1932 2763 2050 2802 habet
2070 2759 2401 2812 significationem.
2439 2757 2480 2809 g)
2500 2758 2632 2798 Enun·

418 2842 531 2882 tiatio
559 2842 720 2881 relativa
748 2851 907 2880 causam
936 2840 1118 2878 continet.
1174 2839 1216 2886 h)
1245 2839 1314 2877 En.
1343 2839 1504 2878 relativa
1532 2839 1853 2888 significationem
1881 2838 1999 2877 habet
2027 2835 2296 2876 concessivam.

525 2917 587 2955 Ad
615 2917 828 2955 extremum
857 2914 1090 2965 spectandus
1119 2914 1192 2952 erit
1229 2913 1498 2953 coniunctivus
1534 2913 1573 2950 in
1613 2913 1943 2952 enuntiationibus
1983 2909 2231 2955 secundariis,
2270 2919 2366 2957 quae
2393 2906 2561 2957 pendent
2588 2918 2632 2946 ex

419 2991 594 3031 oratione
622 2990 778 3039 obliqua
804 2990 864 3028 vel
893 2989 978 3027 aliis
1007 2988 1349 3033 enuntiationibus,
1380 2998 1477 3035 quae
1506 2987 1650 3025 habent
1684 2987 1981 3025 coniunctivum.
2037 2985 2124 3022 Huc
2160 2983 2327 3033 pertinet
2359 2981 2477 3019 etiam
2513 2981 2631 3019 oratio

418 3065 577 3116 obliqua
603 3064 803 3103 contracta
830 3064 869 3102 et
898 3064 1084 3109 coartata,
1113 3073 1210 3112 quae
1239 3061 1405 3100 formam
1434 3060 1552 3099 habet
1580 3060 1760 3099 orationis
1796 3061 1934 3106 rectae,
1974 3059 2040 3097 ubi
2078 3058 2110 3096 si
2147 3055 2361 3096 sententiae
2388 3054 2632 3104 proferuntur

417 3151 497 3180 non
525 3150 570 3179 ex
596 3139 728 3178 mente
756 3136 963 3187 scriptoris,
991 3136 1058 3176 sed
1086 3135 1246 3175 alterius
1274 3135 1399 3175 dictae
1429 3133 1668 3183 cogitandae,
1697 3133 1940 3173 coniunctivo
1968 3133 2076 3172 locus
2105 3132 2175 3170 est.
