2761 3481
1326 253 1372 290 11

191 380 195 382 ’
248 401 363 439 spem,
383 389 547 438 praeter
572 387 735 434 nwdum,
756 389 920 436 praeter
945 386 1175 436 opinionem.
1230 388 1267 438 c)
1296 389 1558 441 exceptionem
1585 389 1789 439 significat.
1843 388 1883 438 d)
1903 389 2044 428 dicitur
2068 389 2117 428 de
2144 389 2271 436 rebus,
2294 388 2344 428 ad
2363 399 2458 440 quas

247 466 345 505 aliae
372 463 571 503 accedunt.

352 536 563 584 Propter
589 536 628 586 a)
656 537 701 576 de
730 537 812 576 loco
840 536 992 576 dicitur.
1047 537 1089 586 b)
1115 537 1163 577 de
1190 550 1316 577 causa.

279 634 283 638 ·
352 609 641 650 Secundum
668 609 705 659 a)
735 610 780 650 de
808 610 891 650 loco
919 609 1071 650 dicitur.
1127 610 1166 659 b)
1195 611 1241 651 de
1270 613 1451 662 tempore,
1479 612 1524 651 ut
1551 611 1653 651 idem
1681 611 1732 651 sit
1760 611 1862 661 quod
1898 610 2031 649 statim
2057 613 2158 659 post.
2214 610 2251 661 c)
2289 610 2457 651 refertur

246 685 295 725 ad
324 684 587 734 dignationem
615 687 655 724 et
681 685 720 723 id
748 684 936 735 exprimit,
966 685 1067 734 quod
1095 685 1135 724 in
1163 686 1259 725 serie
1288 685 1455 736 quadam
1483 697 1612 724 rerum
1640 685 1772 725 ordine
1801 685 2016 736 proximum
2056 688 2126 725 est.
2180 685 2222 735 d)
2249 684 2458 737 respondet

245 769 384 807 graeco
413 755 516 794 κατά
549 769 636 796 cum
665 769 790 796 accus.
820 758 1035 796 coniuncto.

351 831 524 878 Supra
552 830 591 880 a)
621 832 667 870 de
695 832 780 870 loco
810 832 953 870 dicitur
982 835 1022 870 et
1050 832 1097 870 de
1124 833 1182 878 iis,
1212 844 1310 881 quae
1337 844 1405 882 per
1432 834 1699 882 metaphoram
1736 844 1804 881 pro
1843 833 1926 870 loco
1963 834 2213 882 accipiuntur,
2251 835 2298 872 ut
2331 843 2457 879 supra

243 903 407 951 modum,
435 915 560 953 supra
586 916 701 953 spem,
730 916 854 952 supra
881 904 993 943 vires.
1048 904 1089 954 b)
1118 905 1165 945 de
1193 908 1378 958 tempore.
1434 904 1471 956 c)
1500 906 1547 945 de
1574 917 1745 945 numero.

350 978 418 1017 In
446 990 534 1018 cum
563 979 728 1018 ablativo
757 977 795 1030 a)
826 980 1071 1030 coniungitur
1098 991 1187 1019 cum
1213 980 1434 1020 nominibus
1462 980 1634 1020 locorum
1663 981 1731 1019 aut
1765 990 1898 1019 earum
1932 991 2072 1026 rerum,
2108 991 2205 1030 quae
2240 991 2307 1031 per
2332 981 2454 1020 meta-

243 1056 404 1108 phoram
432 1065 501 1105 pro
529 1054 612 1092 loco
641 1053 890 1105 accipiuntur.
944 1053 985 1103 b)
1015 1052 1230 1105 Separatim
1269 1054 1648 1094 commemorandum
1687 1055 1747 1093 est
1774 1052 1818 1090 in
1845 1053 2090 1094 coniunctum
2118 1065 2207 1094 cum
2233 1054 2452 1094 nominibus

242 1133 433 1184 terrarum
462 1127 519 1176 (et
545 1127 727 1176 urbium).
785 1127 822 1177 c)
850 1130 1061 1178 usurpatur
1087 1128 1132 1164 in
1160 1129 1206 1166 de
1234 1130 1487 1167 multitudine
1515 1132 1556 1166 et
1584 1129 1630 1166 de
1659 1129 1769 1178 copia
1797 1130 1835 1166 et
1873 1129 1918 1166 de
1946 1140 2103 1166 numero
2137 1130 2294 1178 eiusque
2323 1129 2452 1178 aliqua

243 1205 363 1255 parte.
418 1202 459 1251 d)
487 1201 531 1239 in
558 1214 646 1241 cum
675 1202 871 1241 adiectivis
899 1203 1086 1249 iunctum,
1124 1203 1226 1253 quod
1265 1204 1490 1253 plerumque
1518 1203 1695 1241 adiectivi
1738 1205 1807 1241 aut
1841 1202 2008 1241 adverbii
2036 1204 2203 1242 sustinet
2238 1203 2450 1242 notionem.

244 1276 307 1316 Sic
334 1275 378 1313 in
405 1275 571 1320 obscuro,
599 1274 644 1312 in
670 1273 803 1319 medio,
841 1274 886 1312 in
912 1277 1058 1322 aperto,
1096 1275 1140 1313 in
1167 1275 1293 1321 dubio,
1331 1275 1375 1313 in
1400 1275 1532 1323 primo
1543 1286 1556 1320 ,·
1590 1275 1659 1321 III,
1699 1276 1734 1321 8,
1771 1277 1795 1313 9
1833 1286 1918 1312 cum
1955 1274 2083 1312 exitus
2121 1274 2231 1313 haud
2261 1274 2307 1312 in
2338 1273 2452 1323 facili

242 1351 392 1395 essent,·
418 1349 462 1387 in
489 1347 660 1398 difficili,
687 1347 731 1385 in
758 1347 916 1398 inteyro,
945 1348 989 1386 in
1016 1348 1171 1395 incerto,
1209 1349 1253 1387 in
1282 1348 1556 1399 promisc(u)o‚
1594 1347 1638 1406 in
1658 1347 1829 1396 privato,
1867 1347 1911 1386 in
1939 1347 2103 1397 publico,
2141 1348 2184 1386 in
2214 1347 2451 1398 propinquo,

241 1423 287 1462 in
307 1423 500 1473 mommo,
528 1421 573 1460 in
600 1420 752 1468 occulto,
780 1421 825 1461 in
844 1421 979 1471 plano,
1008 1422 1053 1461 in
1080 1424 1231 1471 secreto,
1258 1422 1303 1462 in
1329 1424 1505 1473 anqusto,
1533 1421 1579 1460 in
1605 1420 1711 1468 sicco,
1740 1420 1784 1459 in
1812 1423 1919 1467 tuto;
1946 1422 2119 1470 XXXVI,
2147 1424 2206 1471 16,
2237 1424 2285 1462 10
2314 1421 2359 1461 in
2384 1434 2452 1461 ex·

236 1497 369 1546 pedico
396 1496 603 1542 haberem&
630 1496 675 1534 in
702 1495 817 1543 obvio,
844 1496 889 1534 in
916 1498 1056 1545 operto,
1085 1496 1130 1535 in
1157 1509 1290 1547 aequo.
1344 1497 1601 1536 Referendum
1632 1499 1692 1535 est
1718 1497 1795 1535 huc
1814 1497 1932 1535 etiam
1950 1496 1994 1534 in
2008 1498 2201 1545 promptu.
2247 1495 2285 1547 e)
2309 1497 2451 1537 Trans-

242 1572 363 1611 fertur
388 1571 432 1609 in
460 1584 483 1610 a
510 1572 583 1610 loci
610 1571 765 1610 natione
793 1571 843 1609 ad
885 1571 1161 1621 designandam
1198 1572 1390 1611 actionem
1444 1571 1614 1621 aliquam
1649 1574 1718 1609 aut
1753 1571 2026 1618 condicionem,
2061 1571 2100 1609 in
2137 1583 2212 1620 qua
2249 1571 2343 1621 quid
2377 1572 2450 1618 est,

242 1648 311 1684 aut
336 1647 393 1685 ita
420 1646 625 1695 cogitanda
653 1647 712 1684 est
738 1656 811 1690 res,
839 1646 884 1682 ut
912 1645 1040 1695 aliqua
1068 1646 1238 1683 condicio
1268 1647 1336 1683 aut
1362 1645 1462 1683 actio
1491 1645 1602 1694 quasi
1638 1645 1843 1682 comitetur
1880 1645 2041 1683 alteram
2077 1645 2277 1683 actionem.
2341 1644 2449 1693 Quae

241 1720 418 1759 notiones
446 1720 541 1759 alias
569 1720 774 1771 temporali
802 1721 841 1758 et
875 1720 1126 1758 condicionali
1162 1720 1353 1771 particula
1389 1721 1458 1757 aut
1496 1719 1701 1757 verborum
1738 1720 1947 1769 participiis
1985 1719 2248 1758 enunciantur.
2304 1717 2449 1769 (Verba

241 1796 334 1833 sunt
369 1794 591 1844 Kampanni
630 1794 676 1833 de
711 1792 784 1831 IN
816 1805 944 1844 praep.
982 1806 1055 1833 usu
1091 1794 1270 1833 Plautino
1308 1807 1344 1844 p.
1386 1792 1461 1842 14).
1518 1791 1600 1841 Quo
1636 1794 1805 1843 pertinet
1841 1794 1959 1832 etiam
1994 1792 2038 1830 in
2073 1793 2319 1832 coniunctum
2357 1805 2447 1832 cum

241 1868 436 1918 gerundiis
464 1869 503 1907 et
531 1867 759 1917 gerundivis.
815 1866 847 1917 f)
876 1865 1123 1917 coniungitur
1150 1879 1239 1906 cum
1266 1867 1486 1906 notionibus
1516 1867 1711 1917 temporis.
1767 1865 1807 1917 g)
1837 1866 1881 1904 in
1908 1879 1939 1906 c.
1967 1867 2041 1906 abl.
2079 1867 2327 1906 coniunctum
2355 1879 2446 1906 cum

239 1941 407 1992 ponendi
434 1943 474 1980 et
501 1941 712 1981 collocandi
740 1941 950 1991 similisque
980 1941 1268 1991 significationis
1296 1941 1432 1980 verbis.

344 2016 414 2054 In
441 2028 529 2055 cum
556 2015 772 2055 accusativo
801 2013 840 2064 a)
870 2016 1115 2065 coniungitur
1143 2027 1231 2054 cum
1258 2015 1476 2054 nominibus
1504 2017 1697 2054 terrarum
1725 2013 1781 2065 (et
1807 2013 1977 2064 urbium)
2007 2017 2045 2053 et
2073 2026 2160 2054 cum
2178 2025 2269 2054 voce
2296 2013 2443 2053 domus·

239 2089 278 2139 b)
307 2102 396 2130 cum
422 2090 641 2129 nominibus
670 2089 910 2140 appellativis
937 2090 1088 2140 proprie
1117 2089 1166 2128 ad
1193 2089 1443 2128 indicandum
1470 2091 1622 2129 motum
1650 2089 1700 2128 ad
1727 2090 1855 2128 locum
1883 2090 2060 2139 aliquem,
2089 2089 2164 2127 sive
2183 2088 2216 2127 is
2244 2091 2304 2128 est
2330 2101 2444 2128 verus

238 2164 345 2203 locus
374 2165 452 2203 sive
479 2175 541 2203 res
568 2175 636 2213 per
662 2164 931 2213 metaphoram
959 2174 1027 2212 pro
1055 2164 1139 2202 loco
1168 2163 1399 2213 accipienda.
1456 2162 1493 2213 c)
1522 2164 1638 2203 verba
1665 2164 1843 2214 ponendi.
1898 2162 1939 2213 d)
1958 2162 2002 2199 in
2024 2161 2158 2207 orbem,
2186 2161 2230 2199 in
2256 2161 2443 2201 ordinem.

238 2236 276 2286 e)
302 2236 348 2274 in
375 2238 553 2288 exprimit
580 2238 763 2284 studium,
792 2249 865 2286 quo
898 2249 1007 2275 mens
1046 2237 1211 2283 ducitur,
1251 2239 1291 2276 et
1326 2238 1528 2276 consilium
1565 2238 1726 2276 alicuius
1760 2238 1813 2276 rei
1849 2237 2105 2287 assequendae
2140 2239 2209 2276 aut
2236 2248 2323 2276 eam
2349 2250 2444 2285 rem,

238 2311 299 2350 cui
326 2311 471 2361 aliquid
499 2311 737 2350 destinatum
765 2312 824 2350 est
860 2308 920 2359 (in
946 2321 1061 2357 spem,
1096 2309 1141 2348 in
1168 2312 1342 2348 eventum
1353 2320 1366 2355 ,·
1399 2310 1430 2357 I,
1460 2311 1521 2357 34,
1549 2311 1573 2349 3
1601 2309 1646 2348 in
1666 2292 1824 2348 'nullam
1856 2311 1993 2348 sortem
2030 2309 2213 2347 bono-rum
2243 2311 2364 2355 natm
2398 2309 2445 2348 in

234 2382 421 2431 ylariam;
456 2384 501 2421 in
526 2386 724 2421 aeternam
750 2384 997 2427 memoriam;
1033 2383 1079 2420 in
1115 2383 1341 2427 mercedem;
1374 2384 1418 2420 in
1437 2383 1653 2431 perniciem
1690 2385 1793 2433 etc.).
1847 2385 1878 2431 f)
1906 2384 2082 2433 exprimit
2109 2384 2159 2429 id,
2194 2396 2269 2433 quo
2306 2385 2445 2423 tendat

237 2458 359 2498 oratio
388 2458 449 2498 vel
488 2458 672 2509 cogitatio
711 2458 771 2498 vel
808 2440 1004 2505 iudicium,
1046 2458 1125 2498 sive
1167 2469 1241 2509 quo
1279 2458 1473 2509 pertineat
1512 2456 1655 2508 (Hand.
1691 2470 1727 2509 p.
1758 2457 1860 2504 311).
1915 2457 1954 2507 g)
1982 2456 2201 2508 Usurpatur
2238 2457 2358 2498 etiam
2397 2458 2444 2499 de

211 2531 399 2588 pactione,
428 2544 525 2582 quae
545 2534 614 2571 aut
641 2533 824 2572 benevolo
853 2534 922 2572 aut
948 2532 1103 2572 inimico
1122 2532 1249 2571 animo
1277 2532 1333 2579 fit,
1361 2544 1452 2582 ergo
1481 2535 1520 2572 et
1547 2545 1616 2583 pro
1645 2544 1736 2582 crya
1763 2534 1801 2571 et
1820 2544 1887 2583 pro
1907 2533 2050 2570 contra.
2104 2530 2146 2579 h)
2173 2548 2227 2565 =
2252 2543 2377 2584 usque
2404 2533 2446 2572 in

175 2596 177 2598 ’
236 2604 267 2651 I,
295 2606 358 2653 43,
388 2608 422 2644 5.
468 2605 498 2656 i)
527 2606 571 2642 in
598 2618 678 2643 rem
705 2617 784 2643 esse
810 2607 1025 2645 utilitatem
1053 2609 1092 2645 et
1120 2607 1367 2644 commodum
1394 2608 1598 2657 significat.
1645 2607 1683 2655 k)
1712 2606 1756 2643 in
1782 2606 1942 2643 modum.
1988 2605 2018 2655 l)
2048 2605 2200 2645 Similes
2228 2607 2445 2647 locutiones

236 2681 328 2718 sunt
353 2678 399 2717 ‘Im
424 2679 596 2727 speciem,
624 2680 669 2718 in
695 2679 789 2718 haec
814 2680 939 2725 verba,
968 2680 1012 2717 in
1039 2679 1138 2728 leyes
1165 2683 1238 2719 etc.
1293 2679 1351 2729 m)
1378 2680 1423 2718 in
1451 2682 1699 2720 coniunctum
1735 2693 1822 2719 cum
1858 2682 1978 2718 subst.
1998 2691 2111 2726 pars,
2165 2680 2207 2727 11)
2234 2680 2281 2717 in
2313 2681 2443 2718 vicem.

236 2747 275 2801 o)
301 2749 346 2790 in
371 2756 583 2805 usurpatur
610 2753 650 2793 in
669 2754 853 2794 divisione
875 2754 916 2793 in
935 2754 1106 2803 singulas
1129 2755 1270 2805 partes.
1316 2753 1358 2805 p)
1380 2753 1706 2805 Significationem
1725 2755 1840 2793 habet
1869 2753 2155 2793 distributivam
2174 2752 2240 2803 (in
2258 2753 2443 2805 simulo&

235 2821 280 2862 in
306 2825 437 2874 capita
470 2826 570 2879 etc.).
632 2827 672 2878 q)
707 2830 917 2879 usurpatur
950 2827 996 2866 in
1037 2828 1078 2867 in
1113 2839 1296 2868 mensura
1335 2828 1550 2868 definienda
1586 2828 1650 2878 (in
1685 2825 1942 2865 altitudinem.
1983 2825 2027 2865 in
2061 2825 2356 2877 longitudinem,
2400 2828 2446 2867 in

234 2894 484 2938 latitudinem
503 2903 649 2949 patens
675 2901 775 2953 etc).
829 2901 863 2951 r)
892 2902 1182 2941 Adiectivorum
1209 2902 1340 2953 generi
1366 2903 1496 2942 neutri
1523 2903 1733 2953 praefixum
1760 2900 1805 2937 in
1832 2900 1935 2939 haud
1963 2913 2063 2948 raro,
2098 2914 2337 2953 quamquam
2364 2914 2443 2942 non

235 2981 396 3023 semper,
424 2974 568 3015 format
593 2976 793 3016 notionem
819 2976 1022 3024 medalem,
1052 2988 1149 3026 quae
1176 2977 1295 3016 etiam
1322 2977 1501 3017 adverbio
1529 2976 1686 3026 exprimi
1712 2976 1849 3025 potest.
1915 2973 1951 3025 s)
1979 2974 2038 3015 De
2065 2974 2111 3014 in
2138 2988 2228 3016 cum
2255 2977 2441 3028 temporis

233 3045 456 3088 notionibus
483 3048 643 3089 diversis
670 3050 794 3089 modis
821 3050 1025 3089 coniuncto
1053 3050 1138 3089 vide
1165 3050 1294 3089 Hand.
1323 3064 1360 3100 p.
1389 3051 1466 3089 334
1485 3062 1565 3099 sqq.
1611 3048 1645 3098 t)
1668 3049 1842 3087 Usitatae
1868 3051 1962 3088 sunt
1988 3050 2136 3089 formae
2163 3050 2209 3087 in
2227 3052 2441 3098 posterum,

233 3114 279 3155 ὑι
301 3116 497 3169 futurum,
532 3121 579 3161 in
595 3124 842 3173 perpetuum,
879 3122 924 3162 in
958 3124 1170 3171 aeternum,
1206 3123 1251 3163 in
1270 3134 1471 3174 praesens.
1524 3122 1566 3173 u)
1605 3122 1823 3175 Separatim
1861 3122 1991 3165 afferri
2030 3126 2161 3177 potest
2197 3123 2243 3163 in
2277 3136 2441 3171 annum,

1887 3201 1890 3205 ,
2249 3196 2289 3232 2⁸
