2761 3481
1302 276 1350 314 15

222 408 345 455 aliud,
371 407 475 445 nihil
493 408 615 455 prius
642 411 781 449 omisso
800 412 915 449 verbo
944 411 1119 450 faciendi.
1165 413 1338 463 Denique
1368 413 1485 451 etiam
1503 411 1619 450 verba
1647 409 1836 450 sentiendi
1865 410 1904 449 et
1926 407 2121 460 cogitandi
2149 416 2428 459 nonnunquam

225 485 461 525 omittuntur
488 485 528 522 et
556 484 642 529 alia,
670 485 755 523 vide
784 485 897 523 Drak.
927 487 975 524 ad
1000 487 1052 532 ΙΙ,
1081 488 1143 533 51,
1172 489 1207 525 4.

329 554 562 606 Infinitivus
589 559 756 609 primum
783 560 910 599 locum
938 564 1068 601 tenere
1095 565 1222 612 potest
1249 564 1420 601 subiecti.
1475 562 1622 599 Deinde
1651 562 1860 609 usurpatur
1887 560 1927 596 in
1953 559 2170 596 narratione
2206 544 2315 595 nulla
2342 568 2429 607 per-

225 642 341 673 sonae
368 630 429 671 vel
455 632 604 672 numeri
644 633 931 684 significatione,
973 636 1038 686 qui
1078 637 1192 686 vulgo
1235 636 1375 676 dicitur
1416 637 1627 675 infinitivus
1666 634 1878 673 historicus.
1932 632 2052 683 Saepe
2087 633 2150 671 bic
2189 633 2429 671 immiscetur

225 707 357 747 formis
377 706 481 745 verbi
509 707 619 754 finiti,
648 720 923 759 nonnunquam
951 710 1106 761 ponitur
1132 711 1171 750 111
1191 711 1358 762 apodosi,
1377 721 1654 760 nonnunquam
1673 708 1846 759 sequitur
1873 707 1966 747 adeo
1996 707 2305 747 coniunctionem
2333 716 2430 743 cum.

224 781 354 820 Tertio
389 782 472 819 loco
510 782 736 820 tractandus
766 784 839 821 erit
866 785 1123 823 nominativus
1160 797 1248 823 cum
1284 785 1362 831 inf.,
1391 787 1527 834 quarto
1566 783 1777 821 infinitivus
1813 782 1895 820 1000
1933 783 2078 833 positus
2106 781 2254 827 obiecti,
2283 781 2362 820 sive
2390 779 2429 818 id

227 856 288 895 est
315 855 472 906 propius
501 855 579 894 sive
607 857 806 903 remotius,
836 858 969 907 quinto
998 871 1124 898 300113.
1154 871 1186 898 0.
1216 859 1290 905 inf„
1320 861 1423 898 sexto
1451 859 1516 897 inf.
1544 856 1586 897 in
1611 858 1884 897 exclamatione
1912 857 2070 907 positus.

329 929 427 967 Tum
455 929 659 968 dicendum
687 931 758 968 erit
786 931 832 970 de
861 932 1046 981 gerundio
1075 933 1113 971 et
1140 932 1358 981 gerundivo.
1407 932 1453 971 In
1482 931 1688 981 gerundivo
1717 931 1771 970 ita
1799 942 2073 981 nonnunquam
2100 929 2296 981 praevalet
2322 928 2428 968 notio

224 1003 406 1052 temporis
434 1002 564 1048 futuri,
600 1005 645 1041 111
680 1005 879 1054 participio
916 1005 1076 1055 perfecti
1117 1007 1256 1056 passivi
1298 1016 1341 1044 ex
1382 1006 1541 1045 adverso
1580 1006 1749 1057 positum
1790 1006 1850 1045 sit.
1906 1004 1968 1044 Sic
1995 1003 2111 1056 praef.
2149 1004 2173 1042 6
2210 1012 2309 1050 quae
2336 1002 2430 1039 ante

224 1074 417 1113 conditam
445 1075 726 1114 condendamve
753 1077 884 1115 urbem
912 1101 961 1106 —
990 1078 1206 1116 traduntur
1219 1090 1232 1124 ,·
1258 1080 1383 1125 XXII,
1412 1082 1472 1125 25,
1501 1080 1524 1117 4
1552 1079 1611 1116 rei
1639 1079 1729 1116 bene
1754 1078 1944 1128 yerendae
1971 1100 2021 1105 —-
2045 1079 2199 1126 qestae,·
2226 1076 2346 1122 XLII,
2368 1076 2429 1122 17,

226 1150 248 1189 7
275 1159 315 1186 se
343 1148 529 1187 daturum
556 1149 658 1199 quod
683 1162 752 1189 nec
777 1151 836 1190 in
863 1152 1031 1192 dando
1059 1164 1128 1190 nec
1154 1154 1333 1191 datuvn
1360 1152 1440 1190 ullo
1472 1153 1581 1202 siquo
1619 1152 1807 1201 deprendi
1832 1154 1987 1201 posset;
2022 1152 2124 1199 XXI,
2163 1152 2225 1190 21.
2264 1152 2288 1190 8
2324 1149 2429 1187 inter

225 1221 373 1262 labores
399 1224 471 1261 aut
497 1223 578 1262 iam
605 1223 813 1263 exhaustos
839 1228 910 1264 aut
938 1239 1027 1265 mox
1049 1225 1355 1272 exhauriendo&
1383 1228 1521 1275 XXVI,
1543 1229 1605 1273 48,
1626 1230 1649 1267 2
1670 1226 1859 1277 capienda
1886 1226 1978 1265 urbe
1997 1249 2047 1254 —
2065 1227 2190 1274 capta.
2237 1225 2269 1264 A
2292 1225 2428 1270 verbis,

226 1309 323 1348 quae
350 1310 428 1336 non
456 1300 547 1337 sunt
575 1300 787 1347 transitiva,
825 1312 893 1350 per
920 1302 1172 1351 gerundivum
1200 1302 1348 1340 dictum
1376 1303 1436 1340 est
1472 1301 1579 1348 VIII,
1609 1303 1670 1347 36,
1702 1302 1723 1340 7
1761 1299 1956 1338 medendis
1992 1298 2211 1348 corporibus
2221 1310 2235 1344 ;
2266 1298 2428 1344 XXVII,

229 1371 289 1418 15,
319 1368 417 1422 ejad
443 1383 524 1409 rem
550 1371 743 1421 inqentem
757 1373 999 1421 potiundam.
1048 1375 1311 1414 Gerundivum
1330 1387 1407 1414 non
1427 1387 1576 1426 semper
1596 1376 1717 1414 solam
1737 1375 1897 1413 actionis
1915 1375 2109 1413 notionem
2128 1374 2311 1418 continet,
2331 1383 2429 1421 quae

226 1445 341 1483 verbo
370 1447 430 1483 est
458 1456 643 1496 expressa,
672 1447 738 1485 sed
766 1448 1006 1487 necessitatis
1034 1449 1230 1488 notionem
1258 1449 1331 1487 sibi
1358 1449 1475 1487 habet
1503 1448 1736 1504 adiunctam,
1774 1460 1863 1486 cum
1901 1460 1976 1497 qua
2008 1447 2110 1486 haud
2146 1458 2232 1485 raro
2270 1457 2311 1485 30
2341 1457 2431 1484 con-

227 1519 353 1567 iungit
381 1519 610 1568 significatio
640 1521 798 1559 consilii.
854 1522 908 1560 Eo
937 1523 1131 1572 pertinent
1159 1525 1310 1573 praeter
1347 1525 1472 1562 cetera
1499 1522 1617 1561 etiam
1646 1533 1777 1560 omnes
1812 1522 1838 1559 ii
1876 1521 1960 1567 loci,
1998 1521 2135 1571 quibus
2169 1518 2430 1558 nominativus

227 1592 427 1641 gerundivi
456 1604 544 1631 011111
571 1594 684 1632 verbo
714 1605 793 1631 esse
822 1598 880 1634 est
907 1596 1145 1643 coniunctus,
1174 1598 1268 1635 item
1297 1597 1473 1645 gerundii
1505 1596 1763 1635 nominativus
1793 1594 1900 1645 (nam
1928 1596 1989 1633 hic
2016 1595 2111 1633 nihil
2137 1593 2241 1633 aliud
2269 1594 2329 1631 est
2355 1592 2431 1631 nisi

227 1667 410 1705 neutrum
438 1666 654 1717 gerundivi)
685 1668 764 1707 sive
792 1670 1034 1708 accusativus
1062 1671 1102 1708 in
1130 1671 1415 1710 constructione
1445 1682 1568 1709 accus.
1588 1682 1618 1708 0.
1637 1669 1714 1716 inf„
1742 1671 1936 1720 postremo
1957 1682 2034 1708 300.
2055 1668 2253 1718 gerundivi
2281 1667 2429 1717 positus

227 1741 316 1790 post
343 1740 458 1779 verba
485 1738 591 1786 dare,
620 1751 759 1779 curare
786 1743 834 1781 ad
864 1744 1065 1782 consilium
1102 1745 1402 1794 exprimendum.
1456 1744 1631 1793 Denique
1665 1755 1943 1793 nonnunquam
1981 1741 2231 1792 gerundivum
2270 1740 2365 1778 adeo
2389 1739 2429 1777 in

228 1824 379 1852 merum
407 1813 639 1853 adiectivum
667 1827 706 1854 se
736 1818 936 1856 convertit.
991 1817 1048 1856 De
1078 1818 1344 1856 coniunctione
1372 1818 1548 1867 gerundii
1585 1830 1674 1856 011111
1709 1818 1926 1856 accusativo
1966 1816 2103 1855 obiecti
2140 1815 2179 1853 in
2207 1814 2429 1852 universum

229 1886 315 1925 vide
343 1887 461 1926 Drak.
492 1888 541 1926 ad
567 1888 705 1936 XXIV,
734 1890 797 1937 39,
829 1891 862 1936 1,
891 1891 1173 1930 Weissenborn.
1202 1892 1248 1930 de
1277 1892 1460 1942 gerundio
1500 1893 1539 1931 et
1577 1891 1785 1942 gerundivo
1814 1904 1848 1942 p.
1880 1891 1953 1930 113
1982 1902 2061 1940 sqq.
2113 1888 2171 1928 De
2207 1887 2427 1927 accusativo

230 1961 304 2000 duo
333 1962 506 2013 exempla
533 1963 779 2002 inveniuntur
804 1965 925 2011 XXX,
954 1967 989 2011 9,
1018 1967 1041 2004 6
1069 1965 1124 2003 ad
1149 1965 1441 2014 opprimendum
1474 1966 1689 2011 stationem,
1725 1968 1763 2004 et
1789 1966 1906 2012 XXV,
1937 1966 1996 2011 16,
2026 1965 2073 2002 10
2108 1962 2162 2000 ad
2196 1973 2315 2011 quam
2334 1973 2429 2009 per-

228 2033 448 2083 ficiendum,
476 2037 544 2075 ubi
583 2038 668 2076 vide
697 2038 769 2084 W.‚
799 2039 845 2077 de
875 2039 1042 2078 ablativo
1071 2052 1202 2086 unum,
1230 2041 1351 2086 XXX,
1381 2041 1440 2087 13,
1469 2042 1493 2079 9
1522 2039 1566 2077 in
1592 2038 1831 2088 adloquendo
1858 2038 2043 2076 victorem.
2098 2037 2195 2076 Cum
2230 2035 2275 2073 in
2301 2047 2429 2086 praep.

230 2108 424 2148 coniuncti
453 2111 662 2150 accusativi
690 2112 889 2162 gerundivi
916 2113 1109 2163 singulare
1138 2115 1355 2165 exemplum
1385 2117 1491 2153 extat
1518 2115 1621 2161 XXI,
1649 2116 1711 2161 21,
1744 2116 1791 2153 10
1824 2112 2005 2162 partiens
2037 2122 2151 2148 curas
2182 2132 2224 2137 -
2256 2108 2301 2146 in
2329 2107 2431 2156 infe-

230 2181 394 2220 rendum
421 2185 538 2233 atque
564 2185 775 2224 arcendum
812 2185 961 2224 bellum.
1017 2188 1074 2226 De
1107 2187 1226 2226 mixto
1255 2186 1464 2237 gerundivo
1503 2201 1591 2227 cum
1620 2189 1704 2228 aliis
1733 2187 2077 2228 constructionibus
2114 2185 2199 2223 vide
2236 2184 2353 2223 Drak.
2381 2182 2431 2223 ad

230 2255 390 2303 XXVII,
419 2259 481 2305 33,
510 2260 547 2297 9.

340 2329 529 2372 Converto
559 2346 620 2373 1110
648 2347 752 2374 1111110
780 2336 828 2374 311
855 2334 1070 2373 doctrinam
1098 2337 1321 2385 temporum.
1376 2338 1544 2386 Tempus
1574 2349 1755 2387 praesens
1784 2347 1894 2385 saepe
1913 2336 1958 2373 de
1979 2334 2192 2372 actionibus
2211 2334 2433 2382 usurpatur,

232 2415 329 2452 qnae
357 2406 501 2455 quovis,
528 2419 805 2458 nonnunquam
832 2420 880 2447 ne
909 2409 1064 2448 definito
1093 2410 1247 2459 quidem
1281 2413 1452 2460 tempore
1489 2410 1571 2449 fieri
1601 2411 1770 2460 possunt,
1799 2420 1893 2458 quas
1930 2408 2011 2446 fieri
2038 2406 2272 2457 experientia
2306 2405 2434 2444 edocti

232 2477 375 2518 scimus
402 2480 480 2519 sive
508 2481 636 2520 animo
665 2482 875 2521 certissime
903 2494 1130 2534 persuasum
1167 2484 1363 2531 habemus,
1398 2484 1444 2523 de
1482 2484 1707 2529 actionibus,
1745 2494 1906 2534 quarum
1942 2481 2097 2521 effectus
2133 2481 2173 2519 in
2202 2481 2434 2531 perpetuum

231 2555 364 2592 manet
391 2565 534 2603 quaeve
563 2556 715 2606 saepius
753 2558 992 2607 repetuntur,
1057 2557 1204 2596 Deinde
1246 2570 1334 2596 cum
1375 2558 1414 2596 in
1460 2558 1581 2596 limite
1625 2557 1734 2608 quasi
1776 2556 1957 2606 temporis
1998 2554 2197 2606 praeteriti
2238 2556 2278 2593 et
2313 2553 2434 2593 futuri

231 2627 400 2676 positum
428 2630 488 2677 sit,
519 2631 786 2681 complectitur
813 2642 926 2682 saepe
954 2632 1185 2671 alterutrum
1211 2633 1349 2671 horum
1377 2634 1605 2683 temporum.
1660 2632 1795 2682 Itaque
1829 2630 1969 2669 dicitur
2005 2629 2052 2668 de
2080 2629 2296 2669 actionibus
2325 2641 2436 2681 prae-

230 2701 368 2751 teritis,
397 2716 562 2754 quarum
590 2708 749 2746 eventus
778 2719 880 2746 nunc
915 2709 1074 2757 apparet
1111 2720 1300 2757 quemque
1329 2720 1432 2746 nunc
1461 2708 1581 2747 oculis
1620 2708 1728 2757 quasi
1766 2706 2080 2754 contemplamur,
2116 2705 2164 2743 de
2202 2705 2434 2752 actionibus,

232 2787 329 2826 quae
357 2789 403 2817 ex
426 2779 544 2830 longo
572 2781 743 2832 tempore
772 2782 811 2820 et
840 2781 958 2820 etiam
984 2793 1087 2821 nunc
1115 2782 1224 2821 fiunt.
1294 2781 1355 2821 Ad
1393 2781 1568 2821 futurum
1606 2783 1736 2820 autem
1776 2782 1928 2830 tempus
1967 2779 2068 2838 quod
2102 2780 2256 2826 attinet,
2294 2780 2436 2819 dicitur

231 2853 489 2898 1113030113·ᾱο
517 2865 562 2892 03
589 2854 737 2893 30110110
766 2866 863 2905 quae
890 2855 931 2893 in
958 2867 1002 2894 eo
1031 2857 1090 2894 est
1116 2857 1161 2894 ut
1188 2856 1268 2902 fiat,
1297 2867 1408 2907 porro
1437 2856 1484 2895 de
1512 2857 1660 2901 conatu,
1688 2855 1734 2893 de
1762 2854 1910 2892 actione
1950 2865 2048 2903 quae
2085 2854 2164 2892 iam
2190 2865 2297 2893 nunc
2323 2855 2369 2894 fit
2395 2856 2435 2894 et

230 2924 382 2971 postero
410 2938 560 2977 quoque
588 2930 760 2978 tempore
787 2929 866 2975 fiet,
894 2929 933 2967 in
961 2930 1325 2977 interrogationibus
1353 2942 1442 2968 cum
1470 2929 1587 2967 animi
1619 2930 1727 2966 motu
1764 2928 1824 2965 vel
1859 2927 2125 2975 indignatione
2160 2928 2333 2978 prolatis.
2387 2928 2433 2967 In

231 2997 496 3039 enuntiatione
525 3001 777 3040 condicionali
803 3003 907 3041 1131111
934 3014 1020 3041 1310
1050 3014 1139 3042 011111
1157 3002 1193 3039 si
1210 3003 1400 3053 particula
1419 3002 1663 3050 coniungitur
1681 3011 1872 3050 praesens,
1892 3011 1981 3038 cum
2009 3001 2049 3038 in
2070 3001 2229 3051 apodosi
2248 3003 2434 3052 sequatur

232 3065 420 3119 futurum,
448 3075 494 3113 ut
512 3074 753 3125 significetur
772 3076 962 3115 actionem
981 3077 1083 3115 certe
1104 3078 1143 3115 et
1165 3060 1254 3115 mox
1272 3078 1495 3115 eventura-m
1514 3086 1606 3113 esse.
1654 3073 1905 3124 Participium
1922 3086 2203 3125 nonnunquam
2229 3066 2433 3120 ἀορίστως

231 3145 453 3193 usurpatur,
480 3159 758 3200 nonnunquam
786 3150 832 3190 de
860 3150 1011 3189 actione
1039 3150 1193 3198 infecta,
1223 3160 1497 3199 nonnunquam
1534 3148 1651 3186 0113111
1690 3147 1735 3185 de
1773 3149 1927 3195 conatu,
1965 3147 2180 3188 infinitivus
2217 3148 2347 3187 autem
2385 3145 2432 3185 de
