2882 3593
1400 260 1520 320 „16

389 409 431 438 re
459 398 680 451 praeterita,
718 397 785 437 sed
827 410 925 448 quae
968 400 1154 449 tanquam
1196 411 1376 450 praesens
1420 399 1547 438 animo
1588 399 1914 450 repraesentatur,
1955 400 2045 450 post
2081 400 2240 439 verbum
2278 396 2445 443 memini,
2485 397 2531 437 de
2557 410 2598 439 re

391 473 523 514 futura
549 484 828 523 nonnunquam
856 474 945 523 post
971 473 1100 520 verba,
1129 474 1196 512 ubi
1223 474 1449 524 plerumque
1478 474 1640 525 tempori
1668 474 1799 513 futuro
1829 473 1936 512 locus
1965 475 2036 521 est,
2065 474 2170 513 velut
2199 472 2390 522 polliceri,
2428 483 2598 520 sperare,

390 545 555 596 denique
584 546 616 584 si
643 545 896 595 magistratus
923 546 1042 586 refert
1071 547 1116 585 de
1146 548 1274 597 aliqua
1301 559 1352 593 re,
1380 548 1474 586 item
1502 548 1542 585 in
1571 549 1728 586 senatus
1767 547 1952 585 consultis
1994 549 2033 586 et
2071 548 2203 598 populi
2240 543 2356 586 scitis.
2411 546 2598 585 Praesens

388 620 618 659 historicum
646 621 713 659 aut
739 632 808 671 per
834 632 875 659 se
904 621 1062 671 ponitur
1090 622 1157 660 aut
1186 622 1357 672 pendens
1384 634 1406 660 a
1434 621 1779 667 coniunctionibus,
1808 621 1973 659 maxime
2001 620 2105 658 dum.
2160 622 2247 660 Non
2274 633 2360 660 raro
2398 621 2437 659 in
2466 620 2599 660 eodem

390 694 574 735 orationis
602 696 735 733 tenore
762 695 887 733 variat
915 707 1004 733 cum
1032 696 1270 745 temporibus
1298 696 1526 745 praeteritis,
1556 696 1730 745 inprimis
1758 695 1929 745 perfecto
1958 696 2019 733 vel
2048 696 2283 746 imperfecto.

495 766 771 816 Imperfectum
798 769 838 807 in
865 769 1149 808 narrationibus
1179 769 1360 809 describit
1389 781 1451 808 eas
1480 769 1660 816 actiones,
1690 781 1786 819 quae
1817 770 1909 808 sunt
1936 769 2095 809 minoris
2114 770 2301 810 momenti
2331 780 2502 820 quaeque
2530 780 2599 820 per

388 842 542 891 longius
570 843 755 894 temporis
784 843 953 894 spatium
982 839 1262 889 extenduntur3
1304 845 1342 882 in
1379 844 1601 882 universum
1640 844 1778 881 dicitur
1816 843 1862 881 de
1901 842 2065 882 durante
2102 844 2251 883 actione
2290 844 2409 893 deque
2446 842 2598 894 saepius

389 918 567 968 repetita.
624 916 664 956 Si
692 917 790 956 duae
819 917 990 956 actiones
1018 918 1119 956 inter
1148 930 1187 957 se
1217 918 1464 957 cohaerentes
1499 918 1779 963 describuntur,
1798 917 2066 967 imperfectum
2085 920 2294 968 usurpatur
2321 918 2366 957 de
2386 929 2431 956 ea
2450 918 2598 957 actione

391 1001 489 1041 quae
518 991 557 1029 in
586 990 688 1029 idem
717 992 805 1030 c'um
835 991 955 1029 altera
983 992 1133 1029 actione
1172 994 1326 1042 tempus
1365 992 1478 1031 cadit.
1534 990 1684 1030 Dicitur
1723 991 1841 1030 etiam
1870 990 1916 1029 de
1959 993 2101 1030 conatu
2142 991 2263 1041 deque
2303 992 2349 1031 iis
2386 990 2599 1031 actionibus

391 1076 489 1114 quae
517 1076 634 1115 prope
664 1065 805 1104 absunt
834 1064 881 1103 ab
911 1076 966 1111 eo,
996 1066 1040 1104 ut
1060 1065 1166 1111 fiant,
1190 1065 1284 1104 item
1305 1066 1350 1105 de
1371 1066 1519 1105 actione
1540 1065 1682 1104 infecta
1701 1065 1866 1103 necdum
1889 1064 1937 1103 ad
1957 1065 2073 1103 finem
2101 1065 2296 1115 perducta.
2351 1066 2408 1105 De
2436 1065 2598 1104 durante

391 1138 541 1177 actione
569 1140 778 1189 usurpatur
807 1139 924 1177 etiam
952 1139 1040 1189 post
1069 1139 1253 1189 temporis
1282 1140 1503 1189 particulas,
1523 1140 1629 1177 velut
1649 1139 1868 1186 postquam,
1897 1139 1953 1183 ut,
1982 1148 2077 1175 cum.
2123 1139 2170 1177 In
2198 1140 2438 1178 coniunctivo
2461 1139 2600 1189 imper—

390 1212 536 1251 fectum
564 1224 587 1251 a
614 1213 805 1263 particula
833 1212 1084 1251 condicionali
1105 1213 1275 1262 pendens
1304 1224 1417 1263 saepe
1447 1214 1492 1251 de
1511 1225 1551 1251 re
1570 1213 1776 1263 praeterita
1796 1213 1946 1258 dicitur,
1976 1215 2021 1250 ut
2042 1213 2278 1261 significetur
2297 1213 2600 1251 enuntiationem

389 1287 623 1338 sumptivam
651 1288 691 1325 in
719 1287 822 1326 idem
850 1289 1003 1337 tempus
1033 1287 1169 1326 cadere
1198 1289 1312 1337 atque
1340 1288 1535 1338 apodosin.
1591 1287 1638 1325 In
1667 1287 1835 1325 oratione
1865 1278 2019 1336 obliqua
2047 1287 2094 1326 de
2122 1299 2162 1326 re
2191 1288 2397 1338 praeterita
2433 1288 2523 1326 licet
2559 1287 2600 1325 in

390 1360 721 1399 enuntiationibus
751 1360 986 1399 secundariis
1015 1361 1247 1399 coniunctivi
1275 1361 1488 1412 praesentis
1516 1361 1631 1411 positi
1661 1361 1748 1407 sint,
1777 1345 2063 1399 enuntiationes
2094 1360 2357 1400 adhortativae
2377 1372 2405 1399 s.
2439 1359 2601 1411 impera-

390 1434 509 1474 toriae
537 1434 615 1473 fere
644 1446 795 1486 semper
822 1435 967 1473 habent
994 1434 1275 1485 imperfectum.
1332 1434 1536 1473 Praeterea
1564 1434 1712 1485 imperf.
1744 1434 1839 1473 coni.
1870 1434 2151 1483 significatione
2173 1435 2374 1485 potentiali
2393 1436 2601 1485 usurpatur

391 1508 437 1548 de
466 1520 506 1548 re
535 1509 755 1560 praeterita,
786 1508 1037 1548 condicionali
1066 1508 1111 1547 de
1140 1520 1181 1547 re
1209 1509 1414 1559 praesenti.

497 1580 667 1630 Perfecti
696 1583 963 1622 coniunctivus
993 1583 1200 1621 concordat
1227 1583 1339 1633 plane
1367 1583 1407 1621 in
1436 1583 1715 1631 significatione
1737 1594 1824 1620 cum
1843 1582 2061 1628 indicativo,
2090 1584 2300 1632 usurpatur
2326 1583 2457 1620 tamen
2484 1582 2600 1621 etiam

390 1657 430 1696 in
458 1657 737 1707 significatione
766 1657 966 1708 potentiali
995 1658 1034 1696 et
1062 1657 1319 1707 imperatoria.
1376 1655 1608 1704 Infinitivus
1635 1656 1794 1706 perfecti
1813 1658 2085 1707 praeterquam
2105 1656 2205 1706 quod
2234 1656 2301 1694 inf.
2332 1659 2391 1695 est
2418 1657 2600 1707 temporis

389 1743 478 1770 vere
506 1732 716 1781 praeteriti,
744 1743 1022 1781 nonnunquam
1051 1732 1167 1770 etiam
1197 1731 1450 1770 condicionali
1479 1731 1768 1780 significatione,
1807 1743 1883 1770 non
1911 1743 1996 1770 raro
2037 1731 2152 1769 etiam
2181 1742 2249 1781 per
2275 1731 2505 1769 antecedens
2529 1736 2600 1781 vpro

390 1805 456 1846 inf.
484 1805 700 1856 praesentis
727 1807 947 1856 usurpatur.

498 1879 553 1919 Ut
581 1879 807 1920 omittamus
851 1879 1284 1931 plusquamperfectum,
1326 1880 1500 1919 futurum
1543 1881 1581 1919 et
1620 1879 1931 1929 coniugationem
1968 1879 2297 1931 periphrasticam,
2335 1880 2601 1918 convertamus

389 1965 460 1992 nos
490 1954 538 1992 ad
569 1954 880 1992 consecutionem
909 1955 953 2000 (s.
983 1955 1305 2000 convenientiam)
1334 1956 1564 2003 temporum.
1621 1954 1850 2004 Saepissime
1879 1954 2009 1991 Livius
2037 1955 2125 2003 post
2162 1954 2315 2002 tempus
2349 1952 2601 2002 praeteritum

391 2039 459 2078 pro
489 2029 727 2078 temporibus
756 2028 974 2078 praeteritis
1003 2028 1168 2078 (imperf.
1198 2030 1236 2066 et
1265 2029 1388 2078 plusq.
1409 2028 1656 2074 coniunctivi)
1685 2031 1858 2078 tempora
1886 2027 2104 2078 praesentia
2132 2027 2269 2077 (praes.
2291 2028 2330 2065 et
2348 2026 2456 2076 perf.)
2483 2026 2601 2076 ponit,

391 2104 437 2141 ut
463 2114 524 2141 res
552 2104 739 2152 tanquam
766 2104 988 2152 praesentes
1017 2103 1144 2141 animo
1173 2103 1254 2141 eius
1275 2103 1339 2152 qui
1359 2103 1468 2141 audit
1490 2102 1550 2141 vel
1571 2103 1664 2151 legit
1683 2105 1894 2153 proponat;
1924 2101 2137 2141 sententiae
2158 2100 2420 2140 adhortativae
2447 2101 2601 2140 tantum

392 2175 433 2215 in
471 2176 643 2215 oratione
683 2176 837 2225 obliqua
875 2175 953 2215 fere
995 2187 1146 2226 semper
1184 2176 1450 2227 imperfectum
1488 2176 1718 2215 coniunctivi
1755 2176 1933 2215 retinent.
2000 2174 2295 2214 Enuntiationes
2324 2174 2599 2221 consecutivae,

393 2263 491 2302 quae
528 2252 588 2290 est
629 2262 760 2290 earum
801 2252 952 2297 natura,
990 2250 1226 2290 liberrimam
1263 2251 1409 2289 habent
1450 2251 1760 2297 consecutionem
1804 2253 2041 2302 temporum;
2085 2251 2117 2289 si
2158 2249 2327 2301 perfecto
2371 2249 2602 2289 coniunctivi

392 2326 609 2366 enuntiatio
648 2325 892 2365 consecutiva
930 2327 989 2365 est
1026 2338 1213 2376 expressa,
1252 2325 1330 2365 fere
1371 2325 1574 2376 primariae
1612 2326 1885 2365 enuntiationis
1923 2326 2001 2365 vim
2037 2324 2285 2365 nanciscitur.
2345 2323 2525 2363 Plurimis
2561 2324 2601 2364 in

390 2401 484 2442 locis
518 2401 650 2440 Livius
688 2400 849 2440 mixtam
888 2401 1006 2440 habet
1045 2401 1356 2440 consecutionem
1399 2402 1629 2451 temporum,
1671 2403 1717 2440 ut
1750 2401 1789 2440 in
1826 2412 1904 2440 una
1942 2400 2152 2451 eademque
2186 2398 2340 2450 periodo
2380 2398 2600 2449 saepissime

391 2477 569 2527 tempora
606 2473 827 2527 praesentia
863 2477 952 2513 cum
990 2474 1207 2526 praeteritis
1246 2474 1407 2513 varient.
1472 2474 1648 2526 Plerique
1684 2475 1926 2526 grammatici
1968 2475 2007 2513 in
2049 2472 2298 2514 describenda
2335 2473 2600 2512 consecutione

391 2551 611 2599 temporum
639 2550 679 2587 in
707 2561 750 2588 eo
779 2550 953 2600 peccant,
983 2550 1083 2598 quod
1116 2561 1193 2587 non
1222 2549 1466 2597 distinguunt
1502 2550 1601 2587 inter
1629 2551 1733 2588 varia
1761 2561 1901 2598 genera
1940 2549 2250 2588 enuntiationum
2278 2547 2599 2586 secundariamm.

393 2622 492 2662 Sunt
519 2625 651 2662 autem
679 2623 887 2673 separatim
915 2623 1160 2661 tractandae:

498 2695 537 2747 a)
565 2698 885 2747 interrogationes
915 2696 1090 2747 obliquae
1120 2708 1327 2748 earumque
1355 2696 1517 2736 formam
1545 2697 1733 2738 habentes
1762 2697 2045 2736 enuntiationes
2074 2695 2281 2736 obiectivae
2319 2695 2529 2747 pendentes
2557 2707 2601 2735 ex

392 2771 519 2810 verbis
548 2772 737 2810 sentiendi
765 2774 804 2810 et
833 2771 994 2811 dicendi.

500 2843 542 2895 b)
571 2847 854 2885 enuntiationes
883 2846 1102 2892 obiectivae,
1132 2858 1228 2895 quae
1257 2846 1477 2895 exprimunt
1504 2846 1585 2884 fieri
1614 2846 1769 2895 aliquid,
1799 2846 1911 2891 effici,
1941 2846 2094 2896 prodire
2129 2855 2174 2882 ex
2210 2855 2265 2889 eo,
2303 2843 2406 2893 quod
2442 2844 2602 2882 verbum

391 2931 531 2969 regens
559 2920 763 2969 significat,
794 2921 917 2960 elatae
946 2932 1016 2971 per
1044 2920 1333 2960 coniunctiones
1361 2921 1417 2966 ut,
1445 2931 1505 2965 ne,
1533 2919 1641 2968 quin.

499 2992 537 3043 c)
564 2994 848 3035 enuntiationes
874 2994 1022 3034 finales.

499 3068 540 3116 d)
568 3079 626 3107 en.
655 3070 930 3109 consecutivae.

499 3141 537 3193 e)
567 3154 626 3182 en.
655 3143 827 3183 causales
855 3145 896 3183 et
923 3144 1175 3183 concessivae.
