2761 3481
1335 269 1385 307 19

361 406 542 458 Sequitur
570 406 705 446 deinde
735 406 943 458 disputatio
971 406 1018 446 de
1045 406 1216 446 numeris
1244 407 1284 446 et
1309 406 1482 458 personis
1516 405 1632 445 verbi.
1686 405 1738 445 Ut
1764 417 1947 457 personas
1980 408 2020 446 et
2046 406 2164 446 verba
2189 405 2462 458 impersonalia

255 484 381 523 activa
409 483 449 520 61
476 481 629 532 passiva
654 481 727 519 hoc
754 482 837 520 1060
865 482 1232 532 praetermittamus,
1261 480 1458 520 videamus
1500 481 1656 519 tantum
1684 480 1730 519 de
1758 480 1926 520 numeris
1954 483 1994 520 et
2031 481 2200 532 primum
2228 479 2386 532 quidem
2412 479 2460 519 de

256 554 453 605 singulari.
508 552 549 604 a)
578 553 791 604 Singularis
819 554 925 594 verbi
952 555 1117 605 ponitur,
1146 555 1213 593 ubi
1240 556 1279 593 et
1306 555 1521 593 subiectum
1549 556 1589 592 et
1624 555 1886 604 praedicatum
1918 556 1958 593 in
1992 556 2177 606 singulari
2204 557 2299 595 sunt
2324 556 2461 606 posita.

257 628 300 679 b)
328 628 552 668 Subiectum
579 628 618 666 in
638 628 831 678 singulari,
850 628 1115 679 praedicatum
1142 628 1182 667 in
1210 628 1360 679 plurali,
1388 629 1548 668 verbum
1585 628 1625 667 in
1654 628 1838 678 singulari
1866 631 1925 669 est
1952 615 2130 681 positum.¹
2186 620 2236 678 6)’
2251 629 2461 680 Complura

257 704 431 744 subiecta
459 704 746 753 coniunguntur
774 715 861 742 611111
890 703 1076 753 singulari
1102 703 1219 743 verbi.
1267 702 1308 751 d)
1333 702 1556 742 Subiectum
1583 703 1623 741 in
1651 703 1800 754 plurali,
1829 704 2090 753 praedicatum
2116 704 2157 744 in
2185 704 2374 754 singulari
2400 705 2462 744 681

256 779 439 831 positum,
469 778 535 816 sed
573 778 628 816 ita
655 779 700 816 ut
728 790 1004 828 nonnunquam
1032 778 1087 817 nil
1114 778 1188 817 nisi
1216 778 1496 829 appositionem
1523 778 1719 817 contineat
1747 778 1919 818 subiecti.
1983 779 2155 827 XXXIV,
2184 780 2246 824 22,
2275 780 2300 819 9
2335 779 2382 817 ut
2409 800 2462 805 —

255 854 405 890 vestrae
431 851 606 889 iniuriae
633 851 731 888 satis
758 851 878 900 diqna
906 863 1025 888 eausa
1052 850 1141 889 belli
1167 851 1304 900 fuerit.
1359 852 1494 897 XLIV,
1523 853 1558 898 4,
1587 854 1610 889 2
1639 850 1764 888 hostes
1791 850 1885 888 levis
1910 854 2117 890 armatura
2154 854 2250 891 erat.
2310 853 2340 901 I,
2370 853 2405 901 7,
2436 853 2456 892 1

258 924 394 965 Priori
420 924 540 964 Remo
567 925 779 976 auqurium
805 925 952 964 venisse
979 925 1111 974 fertur
1138 938 1206 964 sese
1233 925 1408 963 vultures
1436 927 1666 976 (appositio).
1720 927 1844 971 XXII,
1866 929 1927 972 45,
1958 929 1978 965 7
2008 927 2239 965 iaculatores
2258 927 2459 975 -prima

256 999 359 1038 acies
384 998 493 1048 faeta
521 1001 592 1040 etc.
649 999 684 1049 e)
712 999 923 1051 Singularis
951 1000 1169 1052 imperativi
1202 992 1398 1039 interdum
1438 1002 1647 1051 usurpatur
1679 1000 1853 1050 inprimis
1891 1001 1931 1040 in
1967 1002 2210 1049 orationibus,
2238 1002 2305 1041 ubi
2332 1003 2460 1041 orator

257 1075 306 1112 ad
334 1086 455 1112 unum
483 1077 637 1113 tantum
665 1086 710 1112 ex
737 1075 984 1114 multitudine
1012 1076 1095 1114 loco
1116 1074 1287 1113 omnium
1311 1085 1350 1112 se
1371 1074 1569 1113 convertit.
1617 1073 1679 1113 Sic
1698 1074 1763 1121 VI,
1785 1075 1847 1121 40,
1876 1075 1940 1120 11;
1969 1075 2105 1122 XXXI,
2130 1076 2164 1122 7,
2187 1076 2235 1114 10
2252 1085 2461 1123 comptum·

256 1148 472 1194 XXXVIII,
501 1150 561 1194 47,
592 1150 637 1186 11
668 1148 853 1196 ayedum5
881 1150 941 1195 49,
972 1150 991 1186 1
1022 1148 1107 1193 die,·
1134 1149 1181 1194 X,
1211 1150 1273 1194 25,
1302 1150 1337 1185 6.
1394 1147 1425 1195 f)
1452 1147 1510 1186 De
1538 1148 1585 1186 de
1612 1148 1695 1198 ipso
1732 1148 1825 1186 dicit
1852 1148 1979 1188 Livius
2007 1149 2075 1195 III,
2103 1149 2164 1195 67,
2195 1149 2213 1188 1
2244 1150 2285 1188 et
2310 1148 2376 1196 IV,
2396 1148 2458 1197 54,

258 1223 282 1262 4
309 1221 466 1270 accipio,
494 1222 709 1269 XXXVIII,
738 1224 798 1269 47,
829 1223 848 1261 1
878 1222 1028 1270 aceepi;
1056 1222 1244 1273 pluralem
1271 1220 1487 1269 accepimus
1513 1224 1676 1272 usurpat
1703 1222 1772 1268 III,
1802 1223 1863 1268 39,
1897 1223 1935 1268 13
1964 1224 2023 1270 69,
2052 1224 2096 1272 8;
2125 1223 2169 1270 V,
2197 1223 2260 1270 34,
2291 1223 2325 1261 1.

363 1294 545 1334 Pluralis
572 1297 677 1336 verbi
705 1298 741 1344 a)
769 1298 925 1348 ponitur
953 1299 1019 1336 aut
1047 1298 1135 1347 post
1163 1308 1284 1334 unum
1313 1296 1529 1335 subiectum
1557 1297 1704 1347 plurale
1733 1299 1801 1335 aut
1829 1298 1917 1346 post
1944 1298 2139 1348 complura
2166 1298 2352 1344 subiecta,
2381 1298 2459 1336 sive

258 1383 302 1411 ea
330 1371 458 1410 omnia
485 1371 522 1409 in
553 1353 739 1421 singulari
767 1372 891 1422 posita
919 1373 1010 1411 sunt
1039 1371 1116 1410 sive
1136 1371 1255 1409 mixta
1275 1382 1363 1409 oum
1385 1370 1608 1421 pluralibus.
1654 1371 1694 1419 b)
1715 1371 1747 1410 si
1767 1370 1982 1410 subiectum
2001 1374 2059 1411 est
2086 1384 2226 1411 nomen
2255 1371 2460 1422 singulare,

258 1446 524 1498 praedicatum
552 1457 691 1485 nomen
719 1446 876 1497 plurale,
905 1446 953 1484 ad
982 1446 1084 1496 quod
1113 1457 1235 1495 genus
1264 1445 1385 1484 refero
1415 1445 1530 1483 etiam
1549 1445 1749 1495 pluralem
1776 1446 1882 1484 verbi
1919 1444 2289 1497 nonnunquamfper
2316 1447 2461 1485 attrac-

258 1520 404 1560 tionem
433 1520 612 1571 positum.
668 1520 697 1567 Ι,
728 1522 762 1567 5,
794 1521 812 1559 1
844 1518 982 1568 quibus
1009 1542 1060 1546 —-
1087 1517 1190 1557 nihil
1210 1520 1375 1567 praeter
1411 1530 1524 1556 arma
1558 1520 1593 1556 et
1626 1530 1744 1557 naves
1777 1522 2029 1567 superessent.
2101 1521 2146 1567 X,
2175 1520 2210 1567 6,
2238 1522 2262 1559 5
2295 1531 2462 1567 quorum

258 1591 466 1631 honoribus
493 1591 595 1631 nihil
614 1595 777 1641 praeter
805 1592 1020 1631 sacerdotia
1047 1591 1230 1630 deessent.
1286 1593 1316 1639 I,
1349 1594 1382 1639 1,
1412 1593 1436 1631 3
1462 1603 1556 1641 qens
1582 1591 1768 1630 universa
1799 1574 1939 1632 ⁸Veneti
1963 1592 2162 1642 appellati.
2218 1594 2254 1640 8,
2284 1594 2307 1633 7
2333 1592 2463 1641 μαινί-

258 1667 384 1715 ciique
405 1667 612 1716 proyenies
639 1679 770 1705 eorum
797 1666 998 1715 appellati.
1053 1667 1120 1712 IX,
1150 1668 1185 1712 8,
1216 1668 1249 1705 5.
1304 1667 1479 1713 XXXIX,
1508 1667 1544 1712 9,
1574 1667 1608 1704 3.
1662 1667 1776 1713 XLV,
1813 1668 1874 1714 43,
1915 1669 1973 1706 10.
2025 1668 2142 1714 XXX,
2178 1668 2213 1715 3,
2252 1668 2286 1706 6.
2340 1667 2460 1714 XLII,

260 1741 321 1780 51.
351 1741 386 1780 3.
443 1741 503 1780 11.
561 1741 596 1789 6)
625 1742 657 1781 81
686 1743 900 1781 subiectum
929 1744 989 1781 est
1015 1753 1155 1780 nomen
1184 1741 1341 1791 plurale,
1376 1730 1641 1790 praedicatum
1680 1744 1832 1781 constat
1868 1755 1913 1781 ex
1950 1755 2023 1780 uno
2057 1743 2116 1780 vel
2154 1742 2304 1780 duobus
2339 1742 2461 1780 subst.

259 1815 298 1853 in
339 1815 522 1864 singulari
563 1816 709 1866 positis.
773 1815 876 1862 XXI,
908 1816 968 1862 15,
999 1817 1017 1853 1
1064 1814 1208 1864 captiv-i
1250 1813 1419 1851 militum
1453 1814 1609 1862 praeda
1654 1814 1829 1863 fuerant.
1899 1816 2036 1862 XXVI,
2074 1817 2136 1863 21,
2171 1817 2206 1855 9.
2264 1815 2315 1863 Π,
2351 1816 2386 1863 3,
2423 1816 2459 1862 5,

259 1889 298 1936 d)
327 1889 492 1928 Pluralis
534 1901 603 1940 per
641 1891 796 1939 synesin
837 1891 1002 1941 ponitur.
1073 1887 1109 1939 e)
1151 1891 1239 1940 post
1282 1889 1492 1935 collectiva,
1533 1902 1608 1940 quo
1653 1889 1851 1929 referenda
1887 1893 1978 1930 sunt
2013 1891 2129 1930 etiam
2156 1890 2342 1930 nonnulla
2370 1901 2460 1942 pro-

259 1964 427 2010 nomina,
451 1965 556 2003 velut
582 1964 753 2012 quisque,
782 1963 888 2001 alius
914 1963 1049 2008 aliu-m,
1077 1975 1195 2001 nemo.
1250 1963 1282 2010 f)
1301 1963 1562 2002 Memorabilis
1591 1966 1651 2003 est
1673 1976 1766 2003 usus
1795 1965 1950 2015 pluralis
1978 1965 2053 2012 XL,
2074 1967 2108 2012 8,
2138 1966 2160 2003 2
2181 1963 2365 2013 petimus,
2393 1965 2462 2004 ubi

261 2037 425 2077 Perseus
455 2050 495 2077 se
524 2039 649 2077 solum
678 2039 879 2089 significat.

316 2105 319 2107 ⁵
369 2111 549 2163 Syntuxis
579 2114 765 2153 adiectivi.
823 2115 859 2162 a)
879 2114 1121 2153 Adiectivum
1149 2126 1217 2164 pro
1246 2114 1423 2152 adverbio
1454 2114 1626 2164 positum
1655 2114 1795 2162 (seruS,
1816 2125 1961 2161 repens,
1990 2112 2161 2150 sublimis
2187 2112 2285 2151 abiit
2311 2113 2379 2160 IX,
2400 2114 2462 2161 16,

264 2186 285 2223 7
313 2203 367 2218 Ξ
394 2187 456 2233 34,
485 2189 525 2232 9;
555 2185 692 2233 laetus,
721 2188 885 2236 quietus,
914 2186 1051 2236 seynis,
1080 2186 1211 2233 libens,
1241 2186 1392 2233 tacitus,
1434 2185 1705 2233 2·oluntarius;
1735 2199 1926 2236 prospera
1953 2186 2163 2225 evenissent
2189 2187 2294 2235 XXI,
2323 2188 2386 2235 21,
2417 2188 2462 2235 73

260 2260 422 2307 subitus,
450 2261 635 2309 frequens
663 2261 761 2312 616).
818 2264 857 2310 b)
887 2262 1130 2300 Adiectivum
1159 2265 1197 2301 et
1226 2262 1448 2301 adverbium
1479 2263 1518 2300 in
1546 2274 1624 2301 una
1652 2256 1912 2302 enuntiatione
1950 2263 2049 2301 inter
2076 2273 2116 2301 se
2144 2262 2360 2302 coniuncta.
2414 2261 2464 2310 11,

261 2337 323 2383 30,
353 2337 398 2375 11
430 2335 549 2384 effusi
575 2338 610 2374 et
638 2336 879 2384 contemptim
892 2348 904 2380 ,·
933 2337 1107 2383 XXXVI,
1136 2339 1198 2383 23,
1228 2338 1252 2375 4
1279 2335 1502 2384 frequentes
1529 2338 1565 2373 et
1583 2336 1737 2385 inpi91·e
1757 2359 1807 2362 —
1818 2336 2024 2384 pauciores
2051 2337 2087 2372 et
2113 2335 2278 2385 sequius.
2333 2336 2380 2384 X,
2399 2338 2463 2384 36,

261 2412 283 2449 5
312 2412 348 2447 et
374 2410 528 2460 inpiyre
555 2433 606 2437 -—
634 2413 670 2448 et
690 2410 839 2460 plures.
868 2411 1027 2457 XXVII,
1059 2412 1116 2457 12,
1139 2412 1186 2449 15
1207 2410 1351 2458 trepidi
1370 2433 1421 2437 —
1440 2410 1631 2460 seqnitem
1658 2411 1833 2457 XXXIX,
1863 2412 1923 2457 53,
1950 2411 2006 2449 11.
2053 2410 2088 2458 6)
2116 2410 2156 2449 Si
2176 2411 2465 2450 substantivum

263 2486 438 2535 genetivo
468 2498 688 2536 expressum
717 2487 763 2524 ab
794 2486 866 2524 alio
897 2486 1017 2524 subst.
1047 2486 1199 2536 pendet,
1228 2485 1461 2524 adiectivum
1494 2497 1607 2535 saepe
1634 2497 1711 2523 non
1741 2485 1774 2523 ei
1803 2485 2041 2524 substantivo
2079 2484 2246 2531 additur,
2283 2484 2334 2523 ad
2361 2486 2465 2536 quod

261 2560 413 2610 proprie
442 2562 524 2599 erat
553 2559 805 2606 referendum,
842 2560 895 2599 816
933 2560 963 2606 Ι,
996 2560 1029 2606 1,
1058 2560 1083 2598 4
1109 2558 1163 2596 ad
1188 2558 1340 2597 maiora
1378 2571 1511 2597 rerum
1537 2558 1678 2603 initia,·
1716 2560 1751 2605 4,
1786 2560 1811 2597 4
1846 2557 1900 2595 ad
1925 2557 2020 2595 iusti
2046 2569 2204 2595 cursum
2231 2580 2283 2585 -—
2310 2559 2466 2605 amnis;

263 2633 297 2679 9,
328 2633 376 2671 13
403 2631 539 2671 violati
565 2631 725 2681 hospitii
751 2633 887 2682 foedus
915 2635 987 2672 etc.
1045 2633 1084 2680 d)
1113 2633 1198 2672 Duo
1236 2633 1425 2672 adiectiva
1464 2634 1564 2672 inter
1603 2645 1642 2672 se
1670 2633 1964 2681 coniunguntur,
2003 2632 2057 2682 ita
2092 2633 2138 2670 ut
2174 2633 2342 2672 alterum
2369 2646 2467 2673 non-

261 2717 459 2755 nunquam
489 2708 538 2744 sit
566 2708 649 2745 loco
679 2708 919 2753 substantivi,
948 2707 1031 2744 aliis
1060 2707 1152 2744 locis
1180 2717 1299 2743 unum
1329 2706 1464 2744 adiect.
1493 2718 1581 2745 cum
1609 2706 1846 2744 substantivo
1882 2716 1999 2744 unam
2027 2704 2148 2743 efficit
2174 2706 2387 2754 notionem,
2417 2707 2467 2747 ad

263 2791 379 2828 quam
406 2782 621 2820 accuratius
651 2781 907 2819 definiendam
935 2781 1070 2818 deinde
1107 2781 1272 2818 alterum
1307 2780 1539 2818 adiectivum
1573 2779 1720 2818 accedit
1747 2778 1794 2828 (Ι,
1826 2780 1885 2825 14,
1916 2779 1937 2817 7
1966 2777 2088 2815 densa
2124 2778 2249 2817 obsita
2281 2779 2467 2830 viryulta,

262 2864 296 2891 v.
325 2852 441 2892 Drak.
471 2856 510 2894 et
538 2855 617 2900 W.;
645 2853 814 2892 adsidua
843 2853 1018 2892 insidens
1044 2865 1162 2898 cura‚·
1188 2855 1358 2902 ayrestes
1377 2853 1520 2901 pavidi
1547 2853 1757 2891 incidentes
1785 2853 1882 2899 etc).
1929 2854 1964 2900 e)
1993 2853 2128 2892 Unum
2156 2854 2391 2896 adiectivum
2418 2856 2467 2895 ad

263 2927 460 2976 complura
487 2929 728 2969 substantiva
756 2929 934 2980 pertinet.
990 2928 1020 2976 f)
1048 2928 1293 2967 Adiectivum
1321 2929 1508 2967 convertit
1536 2940 1575 2967 se
1604 2929 1642 2966 in
1671 2927 1989 2976 significationem
2018 2928 2262 2979 substantivi.

368 2998 503 3038 Genus
541 3001 732 3040 adiectivi.
807 3001 1035 3052 Saepissime
1074 3001 1252 3041 adiectivi
1289 3012 1409 3051 genus
1450 2997 1550 3038 κατὰ
1589 2996 1751 3038 σύνεσιν
1788 3000 1953 3050 ponitur,
1981 3002 2026 3039 ut
2062 3000 2128 3048 IV,
2158 3002 2219 3049 45,
2255 3003 2274 3041 1
2305 3001 2467 3040 servitia

263 3093 314 3098 —
340 3074 487 3110 armati
495 3085 508 3118 ,·
534 3076 580 3122 X,
611 3077 643 3122 1,
672 3078 696 3114 3
724 3075 930 3123 capitaque
956 3074 1238 3112 coniurationis
1265 3096 1316 3101 —
1342 3074 1464 3124 viryis
1490 3073 1592 3111 oaesi
1616 3084 1663 3110 ae
1694 3072 1819 3110 securi
1840 3073 2020 3121 percussi
2032 3085 2046 3120 ,·
2080 3076 2116 3122 2,
2146 3076 2193 3115 11
2220 3086 2321 3124 pars
2346 3074 2461 3124 eapti.

268 3143 310 3184 Si
337 3146 581 3189 substantiva
607 3150 748 3190 diversi
775 3150 935 3201 generis,
971 3150 1073 3189 inter
1108 3161 1205 3201 quae
1243 3149 1501 3189 masculinum
1536 3149 1604 3195 est,
1645 3148 1746 3186 inter
1784 3159 1824 3187 se
1862 3149 2161 3200 coniunguntur,
2200 3151 2241 3189 in
2269 3150 2467 3199 adiectivo,

2278 3222 2319 3254 3·
