2761 3481
1303 260 1353 298 25

220 397 263 450 g)
291 397 375 437 Nec
402 400 441 438 et
469 398 717 447 coniungitur
745 410 832 437 cum
870 397 1113 436 coniunctivo
1151 396 1321 447 optativo
1362 398 1402 434 et
1429 396 1677 447 imperatorio
1717 399 1757 435 et
1796 397 1995 436 centinuat
2022 397 2317 448 praecedentem
2345 409 2436 437 con-

219 473 435 513 iunctivum
471 472 643 511 eiusdem
677 473 826 522 generis
853 472 915 510 vel
944 471 1249 510 enuntiationem
1276 482 1345 521 per
1372 471 1417 507 ut
1446 470 1507 509 vel
1533 481 1582 508 ne
1611 470 1829 510 formatam.
1884 470 2029 510 Eodem
2056 472 2169 511 modo
2197 483 2320 520 neque
2345 484 2435 511 con-

219 547 394 596 iungitur
422 546 540 585 etiam
568 557 657 584 cum
676 546 902 595 imperativo
930 557 1155 596 praegresso
1176 545 1249 584 alio
1276 545 1514 596 imperativo.
1562 545 1603 592 h)
1624 545 1882 584 Transeamus
1902 545 1951 584 ad
1971 545 2242 585 disiunctivam
2269 546 2435 585 formam

220 621 415 660 orationis.
472 620 747 668 Praeterquam
786 620 886 669 quod
926 620 1062 668 cuique
1100 619 1259 668 neganti
1297 619 1508 657 sententiae
1548 620 1623 657 alia
1660 620 1814 669 negatio
1851 619 2017 658 adicitur
2044 631 2111 669 per
2139 630 2206 656 nec
2233 623 2272 659 et
2300 630 2433 668 neque,

219 694 338 733 etiam
364 694 432 733 uni
459 694 575 733 verbo
604 689 973 743 subiungi'possunt
1014 693 1089 731 duo
1126 693 1284 731 nomina
1324 705 1392 742 per
1426 704 1504 730 non
1533 715 1583 719 —
1611 704 1679 730 nec
1715 705 1742 731 s.
1770 704 1904 740 neque,
1945 691 2046 729 nihil
2073 715 2124 718 —
2151 704 2220 730 nec
2256 706 2284 732 s.
2311 705 2435 741 neque

220 765 353 817 (verba
381 771 473 806 sunt
502 767 580 805 fere
608 767 751 805 Handii
786 779 822 816 p.
854 767 956 813 123).
1020 766 1047 813 i)
1077 765 1123 804 In
1161 766 1397 804 disiunativa
1436 767 1627 804 sententia
1654 777 1721 803 nec
1759 768 1797 804 et
1834 778 1955 814 neque
1992 767 2051 805 bis
2087 769 2126 804 et
2163 767 2315 816 saepius
2343 767 2434 816 poni

218 842 394 890 possunt.
449 840 489 886 k)
519 840 738 878 Sententiae
767 839 1019 878 disiunctivae
1048 842 1212 889 possunt
1240 839 1442 876 communi
1470 840 1666 887 negationi
1704 840 1884 889 subiungi
1920 840 2164 891 praemissae.
2231 840 2259 888 l)
2287 850 2355 877 nec
2382 861 2433 866 —

219 914 266 958 et,
295 925 417 962 neque
445 936 496 940 —-
523 915 570 951 et.
625 914 680 960 m)
708 925 829 960 neque
857 935 909 939 ——
936 925 1009 960 que
1035 913 1214 958 XXVIII,
1242 914 1304 957 ⁴25,
1337 914 1368 950 1.

322 985 440 1032 Neve,
469 999 557 1024 neu.
613 987 650 1034 a)
678 998 754 1024 neu
782 1008 833 1013 —
861 998 948 1023 neto.
1005 986 1045 1033 b)
1074 998 1122 1023 ne
1149 1008 1200 1012 —
1229 997 1321 1022 nez-e
1360 985 1490 1033 (neu).
1553 973 1592 1031 e)
1621 985 1819 1024 Praecedit
1858 988 2073 1025 enuntiatio
2112 999 2181 1036 per
2206 989 2253 1022 ut
2279 988 2338 1024 vel
2366 999 2435 1037 per

217 1060 343 1099 solum
371 1060 658 1100 coniunctivum
687 1060 853 1099 formata
881 1062 920 1099 et
949 1059 1123 1109 sequitur
1149 1071 1225 1097 neu
1253 1059 1314 1098 vel
1341 1070 1444 1096 nece.

326 1133 622 1173 Coniunctiones
652 1134 903 1185 copulativae.
958 1131 1015 1169 Et
1042 1132 1078 1180 a)
1108 1133 1306 1182 coniungit
1335 1133 1511 1171 notiones
1548 1135 1662 1184 atque
1705 1134 1926 1174 sententias.
1983 1132 2026 1184 b)
2057 1134 2098 1174 Si
2125 1134 2236 1184 plura
2275 1134 2435 1173 nomina

219 1208 461 1247 adnectenda
489 1213 591 1253 sunt,
620 1214 688 1246 aut
715 1208 920 1256 unicuique
950 1207 1106 1245 additur
1132 1208 1169 1243 et
1198 1209 1266 1245 aut
1295 1206 1435 1245 ultimo
1465 1209 1634 1245 tantum.
1692 1208 1726 1254 c)
1755 1208 1794 1246 Si
1822 1209 1958 1247 ultimo
1996 1212 2152 1248 tantum
2185 1208 2332 1247 nomini
2365 1208 2433 1247 ad-

217 1282 322 1320 ditur
348 1283 394 1328 et,
422 1282 536 1320 huius
565 1282 619 1320 rei
647 1293 763 1320 causa
791 1292 1069 1330 nonnunquam
1097 1282 1135 1318 in
1164 1292 1208 1319 eo
1240 1280 1461 1329 quaerenda
1480 1283 1551 1326 est,
1584 1281 1686 1330 quod
1714 1283 1897 1320 nonnulla
1926 1293 1992 1332 per
2020 1294 2059 1320 se
2088 1293 2206 1320 unam
2234 1283 2431 1321 notionem

216 1354 399 1394 efficiunt.
455 1355 494 1402 d)
524 1355 812 1404 Nonnunquam
841 1356 1007 1393 seeundo
1035 1355 1119 1393 loco
1148 1355 1185 1390 et
1212 1354 1380 1403 ponitur,
1410 1355 1527 1391 tertio
1560 1366 1643 1400 que,
1672 1356 1794 1393 rarius
1821 1366 1877 1390 ae.
1934 1356 1967 1401 e)
1997 1354 2294 1404 Coniunguntur
2331 1356 2430 1394 duae

216 1429 430 1467 sententiae
459 1429 519 1467 vel
548 1429 623 1466 duo
651 1429 807 1467 nomina
835 1440 902 1478 per
929 1430 975 1473 et,
1005 1439 1170 1477 quorum
1198 1428 1365 1465 alterum
1403 1427 1520 1477 priori
1562 1428 1672 1466 addit
1710 1427 1985 1467 distinctiorem
2019 1428 2281 1466 definitionem
2314 1429 2429 1479 idque

214 1502 385 1541 illustrat
414 1504 453 1541 et
482 1502 732 1553 explicatione
762 1502 971 1552 amplificat
1000 1501 1050 1550 (v.
1071 1501 1196 1539 Hand.
1217 1500 1331 1539 Turs.
1359 1500 1407 1546 II,
1427 1513 1462 1550 p.
1483 1502 1586 1548 477).
1647 1503 1679 1549 f)
1708 1503 1747 1540 in
1777 1503 1986 1548 sententiis,
2016 1515 2113 1551 quae
2137 1502 2430 1540 similitudinem

215 1578 254 1613 et
283 1575 555 1624 aequalitatem
584 1575 812 1624 significant,
841 1578 928 1625 post
956 1575 1072 1612 verba
1099 1585 1229 1621 aeque,
1261 1572 1371 1617 idem,
1405 1574 1557 1623 ponitur
1586 1576 1622 1611 et
1651 1575 1792 1621 (Hand.
1812 1587 1847 1624 p.
1868 1575 1971 1621 481).
2018 1575 2056 1623 g)
2082 1572 2139 1610 Et
2165 1575 2429 1623 praemittitur

213 1648 591 1696 interrogationibus,
630 1649 794 1685 maxime
832 1660 921 1685 cum
958 1648 1217 1695 indignatione
1260 1647 1457 1696 expressis.
1526 1645 1570 1696 h)
1598 1649 1635 1683 et
1668 1649 1824 1697 ponitur
1860 1647 2137 1697 significatione
2176 1647 2426 1685 adversativa.

214 1721 241 1769 i)
272 1722 308 1758 et
336 1732 425 1758 non.
486 1720 526 1767 k)
554 1722 590 1757 et
616 1737 669 1752 Ξ
697 1721 822 1759 etiam.
877 1721 906 1767 1)
935 1720 982 1758 111
1010 1720 1142 1771 primis
1169 1721 1264 1758 haec
1305 1720 1534 1769 significatio
1576 1725 1735 1771 apparet
1772 1722 1811 1758 in
1850 1722 2115 1759 coniunctione
2152 1722 2188 1756 et
2212 1719 2295 1766 ipse
2322 1721 2425 1769 apud

214 1794 365 1832 Livium
393 1794 715 1843 frequentissima.
771 1794 825 1840 m)
854 1794 889 1831 et
917 1815 967 1820 ——
996 1792 1123 1843 etiam,
1157 1793 1193 1830 et
1221 1814 1272 1819 —
1301 1804 1459 1841 quoque.
1516 1791 1559 1844 n)
1589 1793 1664 1832 Ubi
1701 1794 1798 1832 duae
1835 1794 1896 1832 vel
1933 1794 2060 1844 plures
2097 1805 2158 1832 res
2196 1805 2271 1833 non
2309 1794 2424 1832 modo

214 1869 511 1915 coniunguntur,
541 1868 608 1904 sed
638 1879 682 1904 ex
709 1878 830 1915 aequo
871 1871 1077 1915 ponuntur,
1114 1867 1321 1914 unicuique
1361 1867 1538 1903 membro
1568 1867 1722 1904 additur
1749 1868 1795 1902 et.
1850 1866 2137 1916 Nonnunquam
2164 1868 2200 1903 et
2227 1887 2275 1892 —
2305 1868 2341 1904 et
2368 1867 2424 1906 ita

213 1940 384 1992 positum
412 1942 480 1987 est,
508 1942 553 1979 ut
581 1941 685 1990 prius
714 1943 749 1978 et
778 1942 1083 1980 enuntiationem
1103 1941 1218 1979 simul
1238 1942 1449 1987 coniungat
1477 1953 1568 1978 cum
1588 1953 1644 1977 en.
1666 1941 1879 1990 superiore;
1910 1941 1993 1977 aliis
2016 1942 2107 1978 locis
2127 1943 2234 1979 etita
2253 1943 2423 1991 positum

216 2016 288 2061 est,
316 2015 361 2052 ut
388 2013 552 2052 alterum
581 2014 616 2050 et
644 2017 893 2065 exspectetur,
921 2026 989 2065 pro
1018 2026 1092 2064 quo
1123 2014 1257 2053 deinde
1288 2014 1400 2053 aliter
1430 2013 1670 2052 conformata
1700 2015 1757 2051 est
1785 1996 2011 2053 enuntiatio.
2068 2014 2103 2061 o)
2132 2014 2278 2054 Eadem
2306 2016 2424 2064 signi-

211 2089 402 2135 ficatione,
431 2100 507 2138 qua
535 2088 570 2123 et
599 2109 647 2113 —
677 2089 723 2132 et,
761 2092 968 2138 usurpatur
1007 2089 1124 2126 etiam
1152 2089 1188 2124 et
1216 2108 1267 2112 —
1295 2098 1377 2135 qne.
1433 2086 1474 2137 p)
1506 2089 1541 2124 et
1570 2109 1618 2114 —
1650 2098 1768 2135 neque
1797 2086 1916 2136 (nee).
1972 2088 2012 2138 q)
2041 2090 2077 2126 et
2103 2088 2267 2137 quidem.
2322 2087 2357 2139 r)
2387 2089 2424 2126 et

213 2163 354 2199 tamen.
410 2160 445 2209 s)
475 2163 511 2197 et
539 2173 597 2197 ue.
652 2162 684 2206 t)
713 2163 748 2196 et
775 2174 823 2196 ne
850 2183 901 2187 —
929 2161 1092 2207 quidem.
1149 2160 1192 2208 u)
1222 2162 1258 2195 et
1287 2172 1373 2195 cum
1401 2181 1449 2185 —-
1480 2163 1573 2196 twn.
1629 2160 1667 2209 v)
1696 2163 1731 2196 et
1760 2170 1827 2195 nec
1844 2181 1889 2185 —-
1915 2171 1992 2196 nec.
2048 2160 2097 2210 w)
2119 2163 2155 2198 et
2176 2182 2222 2187 —
2244 2163 2421 2199 ceterum.

321 2232 402 2282 Que
431 2231 469 2283 a)
497 2234 673 2282 adiungit
702 2236 740 2273 et
769 2234 939 2282 singulas
967 2234 1155 2278 notiones,
1184 2234 1262 2271 sive
1292 2237 1382 2271 sunt
1410 2247 1475 2271 eae
1505 2236 1605 2271 inter
1635 2247 1674 2271 se
1703 2236 1844 2271 similes
1874 2235 1950 2271 sive
1980 2236 2204 2279 contrariae,
2233 2239 2273 2272 et
2300 2246 2423 2272 enun-

212 2306 394 2345 tiationes
422 2306 691 2356 superioribus.
746 2306 785 2354 b)
804 2305 937 2355 ute'que
954 2322 1008 2338 =
1028 2307 1066 2346 et
1093 2306 1161 2345 uti.
1217 2306 1251 2355 c)
1282 2304 1412 2356 ita'que
1430 2322 1483 2339 =
1506 2311 1545 2347 et
1572 2307 1638 2346 ita.
1686 2304 1726 2356 d)
1753 2304 1870 2344 simul
1890 2328 1936 2333 —
1959 2318 2041 2355 que.
2097 2308 2132 2354 e)
2151 2320 2223 2355 que
2252 2309 2424 2358 generali

210 2381 359 2418 notioni
387 2381 562 2429 adiungit
589 2382 788 2418 notionem
817 2382 1050 2430 singularem
1077 2380 1137 2418 vel
1167 2392 1262 2427 eam,
1293 2392 1390 2430 quae
1421 2383 1480 2419 est
1509 2381 1663 2420 maioris
1700 2380 1896 2419 momenti.
1952 2379 1984 2429 f)
2014 2379 2087 2419 Sed
2124 2381 2242 2420 etiam
2270 2383 2423 2421 contra-

211 2454 312 2492 rium
348 2454 403 2500 fit,
438 2460 484 2492 ut
522 2454 706 2501 singulari
741 2455 890 2492 notioni
928 2466 995 2503 per
1032 2465 1104 2500 que
1141 2454 1374 2502 adiungatur
1418 2455 1524 2492 notio
1570 2455 1764 2504 generalis,
1808 2465 1903 2503 quae
1939 2454 2097 2492 minoris
2136 2455 2186 2493 sit
2221 2455 2421 2495 momenti.

211 2523 253 2576 g)
281 2538 354 2575 que
382 2526 555 2566 adnectit
583 2527 633 2573 id,
654 2529 755 2578 quod
775 2529 966 2567 actionem
986 2528 1244 2577 consequitur.
1291 2529 1337 2573 h)
1357 2540 1430 2575 que
1449 2529 1582 2567 definit
1609 2529 1804 2566 notionem
1824 2529 2049 2565 accuratius.
2096 2529 2123 2575 i)
2142 2540 2216 2576 que
2235 2530 2425 2579 particula

211 2601 356 2652 aliquid
383 2601 690 2652 inexspectatum
718 2602 882 2641 additur.
928 2602 967 2649 k)
987 2613 1059 2650 que
1079 2602 1314 2641 contrarium
1338 2602 1482 2651 aliquid
1509 2601 1625 2647 addit,
1656 2603 1700 2639 ut
1718 2602 1797 2639 vice
1827 2601 1903 2639 fere
1932 2601 2118 2651 fungatur
2144 2603 2425 2643 coniunctionis

213 2674 485 2714 adversativae.
540 2676 568 2722 1)
596 2676 724 2715 Primo
764 2677 937 2715 membro
977 2676 1172 2714 adduntur
1209 2675 1284 2714 duo
1324 2686 1393 2725 per
1431 2687 1504 2723 que
1539 2675 1766 2725 particulam
1799 2674 1955 2712 adnexa.
2009 2675 2065 2722 m)
2093 2676 2223 2715 Primo
2250 2678 2424 2716 membro

210 2747 434 2797 adiungitur
470 2749 688 2788 membrum
727 2761 749 2788 a
788 2761 860 2797 que
899 2751 938 2788 et
973 2749 1064 2788 huic
1099 2749 1259 2789 tertium
1302 2749 1350 2788 ab
1392 2750 1429 2786 et
1471 2749 1667 2798 incipiens.
1723 2749 1762 2794 n)
1791 2748 1964 2786 Primum
2003 2750 2223 2788 membrum
2251 2752 2426 2800 sequitur

209 2820 315 2858 aliud
343 2832 366 2859 a
393 2832 467 2869 que
497 2824 535 2859 et
563 2822 636 2861 hoc
665 2823 769 2860 aliud
799 2823 846 2861 ab
874 2823 990 2870 atque
1020 2834 1049 2860 s.
1077 2832 1123 2858 ac
1151 2822 1348 2872 incipiens.
1406 2828 1441 2865 o)
1471 2833 1543 2870 que
1572 2822 1685 2860 tertio
1714 2821 1869 2859 demum
1898 2822 1958 2859 vel
1985 2824 2125 2871 quarto
2153 2823 2328 2863 membro
2356 2824 2425 2863 ad-

210 2891 323 2939 ditur,
364 2906 453 2932 cum
490 2896 616 2944 priora
654 2897 732 2934 sint
769 2891 984 2933 ἀσύνδετα.
1061 2896 1101 2945 p)
1134 2895 1252 2934 Nullo
1290 2896 1462 2934 membro
1501 2894 1753 2945 antecedente
1788 2894 2023 2944 respondent
2064 2895 2138 2934 sibi
2174 2899 2310 2935 mutuo
2347 2897 2423 2935 duo

207 2965 383 3004 membra
422 2978 492 3016 per
529 2979 602 3015 que
638 2972 678 3006 et
713 2969 749 3004 et
785 2969 898 3006 elata.
947 2970 998 3017 .q)
1027 2968 1157 3007 Etiam
1191 2969 1290 3007 duae
1328 2968 1614 3006 enuntiationes
1642 2978 1709 3017 per
1735 2977 1808 3013 que
1837 2988 1887 2992 —
1915 2978 1988 3015 que
2017 2968 2141 3007 elatae
2177 2972 2314 3009 mutuo
2351 2970 2424 3008 sibi

208 3038 444 3087 respondere
471 3042 646 3090 possunt,
676 3042 741 3080 sed
769 3053 846 3080 uno
874 3043 957 3080 loco
984 3042 1124 3088 XLIII,
1164 3042 1210 3080 de
1245 3053 1320 3090 quo
1354 3042 1438 3079 vide
1468 3041 1543 3086 W.,
1587 3042 1742 3090 excepto
1781 3052 1933 3090 semper
1970 3042 2043 3080 hoc
2080 3042 2138 3080 ita
2172 3043 2228 3089 fit,
2268 3047 2314 3080 ut
2350 3053 2424 3090 que

208 3110 413 3162 utrobique
442 3113 676 3154 adnectatur
701 3115 920 3165 pronomini
955 3114 1126 3155 relativo.
1182 3115 1216 3161 r)
1244 3127 1317 3163 que
1345 3127 1461 3165 prope
1502 3114 1650 3153 accedit
1686 3114 1734 3152 ad
1771 3115 2094 3163 significationem
2121 3118 2224 3155 vocis
2262 3127 2422 3164 quoque.

2230 3187 2250 3218 4
