2761 3481
1347 253 1395 294 13

264 392 494 434 morandum
521 392 594 430 erit
632 391 749 430 etiam
776 394 958 431 neutrum
994 390 1106 440 qnod,
1140 393 1172 431 si
1206 393 1316 431 initio
1352 392 1628 431 enuntiationis
1663 392 1831 442 positum
1868 392 2114 442 coniungitur
2150 403 2240 432 cum
2277 392 2477 444 particulis

263 466 311 513 si,
338 465 416 512 ubi,
444 466 500 511 nt,
529 476 614 503 cum
633 466 682 504 ad
710 466 917 505 transitum
944 466 1164 505 faciendum
1192 467 1240 506 ab
1260 478 1338 505 una
1365 466 1629 505 enuntiatione
1658 466 1706 504 ad
1736 466 1908 505 alteram.
1965 467 2066 505 Tum
2093 467 2126 506 si
2144 478 2252 518 pron.
2270 466 2477 506 relativum

272 534 321 581 ad
348 540 547 591 complura
574 540 816 580 substantiva
844 542 912 579 aut
939 551 1001 579 res
1030 540 1288 590 significantia
1317 543 1386 580 aut
1414 540 1553 579 diversi
1580 541 1730 590 generis
1748 539 1923 585 refertur,
1943 540 2099 590 ponitur
2116 543 2298 580 neutrum
2316 541 2476 592 pluralis

268 613 419 654 numeri
446 625 556 663 quae.
611 614 709 654 Cum
738 614 975 665 appositione
1012 613 1220 654 concordat
1253 626 1360 666 pron.
1400 614 1603 653 relativum
1642 614 1683 653 in
1721 625 1859 663 genere
1897 612 2031 661 XLIV,
2069 615 2105 660 6,
2134 615 2168 653 5.
2224 614 2475 655 Memorabile

265 691 326 728 est
361 700 481 738 genus
518 689 745 728 femininum
786 689 826 727 in
863 690 946 728 loco
982 689 1178 736 XXXVII,
1222 690 1283 735 54,
1331 689 1390 736 11,
1431 689 1497 727 ubi
1539 688 1847 727 additamentum
1889 699 2061 736 quaeque
2088 688 2359 727 circumiacent
2385 702 2476 729 cum

265 776 299 803 v.
331 760 591 801 Chersonesus
618 775 736 802 unam
763 763 959 802 notionem
986 763 1160 802 efficiunt
1188 765 1228 802 et
1257 763 1393 802 deinde
1422 762 1649 801 femininum
1676 773 1845 810 quarum
1871 762 2042 812 positum
2061 765 2131 809 est,
2160 764 2341 813 quoniam
2367 764 2474 804 notio

264 838 465 887 regionum
493 838 727 877 obversatur.
794 837 969 888 Denique
1005 837 1123 877 etiam
1163 837 1341 877 attractio
1377 837 1526 886 generis
1568 837 1608 876 in
1649 837 1873 888 pronomine
1911 837 2070 876 relativo
2111 838 2252 877 usitata
2289 840 2358 885 est,
2395 850 2475 878 non

269 922 380 951 secus
407 912 524 961 atque
551 911 590 950 in
619 911 930 958 demonstrativo,
958 911 1150 951 interdum
1179 912 1310 950 tamen
1338 911 1456 950 etiam
1483 911 1669 961 neglecta.

373 1004 410 1056 c)
438 1006 630 1046 Numerus
659 1018 765 1058 pron.
793 1007 900 1046 relat.
955 1006 1029 1045 Hic
1063 1007 1231 1057 primum
1269 1007 1502 1046 constructio
1543 1002 1644 1043 κατὰ
1676 1001 1835 1043 σύνεσιν
1873 1006 2042 1045 notanda
2084 1008 2144 1045 est
2181 1006 2222 1045 in
2256 1006 2474 1046 nominibus

273 1081 495 1127 collectivis,
524 1084 569 1120 ut
596 1079 745 1127 XXIII,
774 1083 836 1127 39,
866 1083 889 1119 8
909 1079 1020 1128 plebs
1047 1103 1098 1107 —
1125 1078 1288 1129 quibus,·
1322 1081 1495 1127 XXXVI,
1526 1082 1586 1127 11,
1618 1082 1641 1119 9
1679 1079 1905 1125 Leucadios,
1938 1079 2040 1128 quod
2070 1079 2326 1118 Acarnaniae
2359 1082 2475 1128 caput

256 1155 312 1192 est
340 1154 422 1203 (int.
452 1152 627 1204 Leucas).
682 1155 829 1194 Deinde
866 1155 1071 1203 singularis
1116 1166 1223 1204 pron.
1260 1155 1326 1193 rel.
1355 1157 1565 1205 usurpatur
1591 1156 1679 1205 post
1715 1165 1982 1204 praegressum
2019 1155 2207 1204 pluralem
2244 1154 2475 1193 substantivi

256 1228 535 1278 significatione
564 1228 763 1267 collectiva
801 1228 1021 1274 XXXVIII,
1052 1228 1113 1274 21,
1142 1229 1166 1266 6
1194 1240 1227 1267 v.
1254 1228 1335 1275 W.;
1364 1228 1477 1275 XLV,
1506 1229 1567 1275 33,
1597 1229 1631 1266 4.
1687 1228 1895 1266 Abstracta
1934 1227 2214 1277 significatione
2242 1227 2389 1267 dictum
2416 1229 2476 1267 est

256 1301 452 1348 XXXVII,
482 1302 542 1349 54,
568 1302 618 1340 24
661 1300 820 1339 barbari
843 1323 889 1329 —-
908 1311 1005 1350 quo
1032 1300 1213 1350 quadem,
1242 1312 1348 1351 reyes
1374 1300 1525 1339 habent.
1579 1301 1745 1339 Pluralis
1773 1304 1904 1339 autem
1931 1303 2019 1352 post
2047 1302 2282 1351 singularem
2299 1300 2474 1348 infertur,

258 1374 290 1413 si
311 1386 432 1424 genus
463 1375 712 1425 significatur,
759 1386 832 1425 quo
863 1375 1014 1424 singula
1051 1386 1223 1425 quaeque
1261 1376 1468 1426 pertinent.
1531 1374 1597 1422 IV,
1627 1375 1688 1421 58,
1728 1375 1752 1413 4
1779 1376 1918 1412 senatu
1946 1396 1994 1401 —
2025 1373 2094 1423 qui
2122 1396 2171 1402 —
2201 1373 2477 1423 coyitaverunt.

255 1429 379 1495 XXII,
419 1448 479 1494 57,
517 1449 541 1486 3
570 1446 617 1485 L.
653 1446 853 1485 Cantilius
887 1447 1013 1486 scriba
1032 1447 1246 1496 pontificis,
1276 1459 1398 1496 quos
1433 1460 1538 1486 nunc
1573 1447 1741 1485 minores
1785 1447 1992 1495 pontifices
2027 1446 2242 1495 appellant,
2280 1449 2347 1488 ubi
2381 1459 2477 1497 quos

258 1522 426 1573 pertinet
445 1521 493 1560 ad
512 1522 708 1561 notionem
727 1521 863 1560 scriba.
909 1521 1069 1569 XXVII,
1099 1522 1159 1569 11,
1189 1523 1212 1560 5
1240 1520 1445 1570 insanient,
1492 1532 1615 1571 quos
1641 1520 1886 1570 androgynos
1920 1520 2059 1570 vulqus
2095 1519 2280 1570 appellat.
2334 1522 2475 1570 XXIV,

262 1597 323 1644 15,
354 1596 376 1635 7
404 1606 517 1645 eques
543 1618 594 1623 -
621 1594 770 1645 quibus.
824 1595 923 1644 XLI,
951 1597 987 1643 2,
1016 1597 1039 1635 2
1067 1594 1273 1645 quicquam
1301 1618 1350 1623 —-
1378 1608 1488 1644 quae.

358 1694 401 1747 d)
431 1694 640 1737 Collocatio
669 1696 905 1747 pronominis
934 1697 1094 1736 relativi.
1149 1696 1202 1736 Ut
1229 1698 1285 1737 vis
1314 1697 1527 1744 adderetur,
1557 1697 1604 1737 ab
1632 1697 1741 1737 initio
1777 1696 2052 1736 enuntiationis
2081 1696 2253 1747 positum
2282 1698 2341 1737 est
2366 1709 2473 1748 pron.

252 1770 363 1810 relat.
392 1768 459 1818 IX,
489 1770 550 1818 38,
580 1771 640 1810 12.
696 1770 816 1822 Saepe
845 1783 951 1822 pron.
980 1771 1047 1811 rel.
1077 1771 1126 1811 ad
1152 1771 1337 1811 remotius
1365 1771 1530 1811 duorum
1550 1771 1883 1812 substantivorum
1902 1772 2063 1822 spectat,
2092 1770 2229 1811 deinde
2257 1771 2471 1812 enuntiatio

253 1844 416 1883 relativa
446 1856 559 1896 saepe
589 1844 786 1884 antecedit
813 1856 898 1883 eam
928 1846 1243 1893 enuntiationem,
1272 1845 1317 1884 ad
1348 1856 1465 1896 quam
1492 1846 1673 1897 pertinet,
1703 1846 1866 1896 denique
1884 1856 2097 1897 pronomen
2120 1845 2187 1884 rel.
2216 1857 2294 1884 non
2322 1856 2473 1898 semper

257 1920 305 1957 ab
335 1920 455 1965 initio,
484 1920 552 1957 sed
580 1931 692 1969 saepe
721 1920 839 1958 etiam
867 1922 956 1969 post
982 1932 1104 1957 unum
1123 1922 1191 1957 aut
1212 1921 1409 1969 complura
1429 1920 1586 1958 demum
1605 1921 1791 1958 vocabula
1812 1920 2088 1958 enuntiationis
2107 1920 2288 1958 relativae
2307 1921 2471 1969 ponitur.

357 2019 395 2068 e)
424 2020 615 2056 Attractio
643 2020 879 2068 pronominis
908 2020 1069 2057 relativi.
1125 2020 1685 2070 Saepissimesubstantivum,
1714 2020 1818 2069 quod
1848 2020 2075 2070 pronomine
2103 2020 2263 2058 relativo
2290 2020 2472 2058 definien-

252 2091 344 2131 dum
372 2095 467 2139 erat,
497 2104 586 2132 cum
614 2105 657 2132 eo
685 2093 725 2131 in
754 2093 888 2132 eodem
917 2105 1009 2132 casu
1046 2094 1218 2144 positum
1256 2095 1296 2132 in
1336 2094 1500 2132 eandem
1541 2095 1845 2132 enuntiationem
1880 2092 2182 2143 (secundariam)
2216 2094 2471 2143 coniungitur.

251 2166 280 2214 Ι,
310 2167 343 2214 1,
371 2167 396 2207 3
424 2165 470 2204 in
495 2177 607 2215 quem
626 2166 759 2215 primo
786 2166 928 2217 cyressi
955 2169 1047 2205 sunt
1075 2166 1198 2206 locum
1227 2166 1346 2206 Troia
1365 2169 1534 2206 vocatur.
1581 2168 1648 2215 IX,
1671 2168 1731 2215 17,
1754 2169 1776 2206 2
1797 2167 1940 2216 quz'bus
1964 2189 2014 2195 —
2035 2166 2164 2211 tacitis
2181 2166 2473 2216 coye'tationibus

248 2239 438 2281 volutavit
463 2240 649 2291 animum,
677 2254 743 2281 eas
770 2245 842 2282 etc.
871 2242 949 2290 XL,
978 2244 1039 2290 20,
1068 2243 1103 2282 3.
1158 2242 1189 2290 I,
1218 2243 1278 2291 29,
1307 2243 1332 2282 4
1359 2241 1505 2291 raptim
1534 2241 1675 2292 quibus
1702 2241 1864 2292 quisque
1885 2243 2055 2291 poterat
2082 2240 2205 2281 elatis.
2260 2241 2325 2289 IV,
2353 2243 2415 2291 39,
2444 2244 2469 2283 9
2533 2242 2539 2247 ’

249 2314 389 2366 quibus
409 2318 568 2366 poterat
594 2316 741 2355 sauciis
772 2316 898 2355 ductis
934 2328 1070 2355 secum.
1124 2317 1244 2364 XXV,
1273 2319 1335 2365 32,
1378 2318 1426 2357 10
1455 2328 1540 2355 cum
1576 2316 1716 2366 quibus
1752 2319 1844 2355 ante
1878 2316 2023 2355 dictum
2062 2318 2118 2355 est
2155 2315 2274 2365 copiis
2298 2332 2352 2351 =
2379 2329 2470 2358 cum

248 2391 295 2431 iis
324 2392 442 2443 copiis
482 2404 578 2442 quas
615 2404 703 2432 eum
738 2393 930 2443 accepisse
965 2394 1055 2431 ante
1093 2392 1241 2431 dictum
1274 2393 1343 2431 est.
1398 2392 1578 2439 XXVIH,
1616 2393 1679 2439 46,
1716 2394 1738 2432 5
1776 2392 1844 2441 qui
1881 2404 1976 2442 ayer
2002 2414 2053 2420 -
2080 2390 2125 2428 is.
2180 2390 2244 2437 IV,
2280 2392 2316 2438 4,
2347 2392 2396 2431 10
2427 2392 2471 2431 in

247 2476 365 2514 quam
392 2465 528 2515 cuique
555 2465 725 2515 feminae
764 2465 998 2504 convenisset
1026 2464 1178 2503 domum
1206 2465 1375 2504 nuberet.
1431 2466 1476 2513 V,
1504 2467 1565 2514 34,
1583 2450 1618 2505 ‘3
1646 2465 1690 2503 in
1717 2478 1816 2515 quas
1843 2465 1901 2504 dii
1928 2465 2120 2504 dedissent
2137 2486 2188 2492 —
2206 2463 2324 2502 sedes.
2381 2466 2471 2515 VH,

247 2540 282 2587 5,
311 2540 334 2579 5
362 2538 443 2577 nisi
468 2539 514 2578 in
539 2551 638 2589 quae
665 2539 748 2589 ipse
789 2538 1016 2588 concepisset
1054 2538 1168 2578 verba
1204 2538 1358 2577 iuraret
1383 2554 1437 2572 =
1463 2540 1504 2579 in
1543 2538 1622 2592 (ea)
1657 2542 1784 2589 verba,
1823 2552 1930 2591 quae.
1984 2540 2005 2590 ξ
2034 2540 2057 2578 6
2084 2537 2249 2576 adiurat
2284 2537 2331 2578 in
2366 2551 2469 2590 quae

183 2667 186 2671 .
252 2611 418 2651 adactus
446 2614 503 2652 est
528 2612 655 2652 verba.
710 2615 773 2661 25,
801 2615 836 2653 9.
891 2614 996 2661 VIII,
1024 2614 1085 2660 28,
1113 2615 1147 2652 2.
1201 2613 1268 2662 IX,
1300 2614 1359 2660 17,
1389 2615 1412 2652 2
1448 2612 1587 2661 thus
1615 2636 1664 2641 —
1694 2613 1824 2652 tacitis
1861 2611 2151 2662 coyitationibus
2178 2633 2229 2639 —
2257 2624 2335 2651 eas.
2390 2614 2470 2661 XL,

249 2686 310 2734 31,
338 2688 373 2726 9.
427 2687 530 2736 XXI,
559 2688 621 2736 17,
650 2688 686 2726 4.
741 2687 861 2735 XLII,
889 2688 951 2735 28,
981 2688 1015 2726 7.
1068 2687 1173 2734 XXI,
1207 2688 1266 2735 18,
1305 2688 1354 2726 10
1382 2686 1485 2737 quod
1522 2686 1563 2726 C.
1597 2686 1788 2726 Lutatius
1815 2708 1864 2714 —
1892 2684 2084 2725 nobiscum
2124 2684 2262 2734 foedus
2295 2686 2390 2736 fecit
2418 2708 2467 2715 ——

248 2759 421 2809 neyastis
457 2771 522 2800 vos
559 2772 600 2800 eo
637 2760 771 2799 teneri.
835 2760 976 2808 XXIV,
1018 2761 1051 2808 1,
1086 2762 1121 2800 9.
1174 2760 1334 2808 XXVII,
1371 2762 1435 2809 42,
1477 2763 1536 2801 16.
1589 2762 1729 2809 XXXI,
1765 2763 1828 2808 44,
1869 2761 1901 2800 1.
1961 2759 2063 2806 XXI,
2097 2760 2160 2807 49,
2188 2760 2214 2799 4
2248 2759 2363 2799 cuius
2389 2760 2468 2810 ipsi

251 2830 388 2873 classis
415 2836 551 2873 essent.
605 2835 727 2884 XXII,
758 2836 818 2883 12,
847 2836 872 2875 3
898 2846 973 2884 quo
992 2833 1169 2883 primum
1196 2833 1268 2872 die.
1326 2836 1387 2883 14,
1417 2837 1441 2875 6
1462 2837 1627 2884 praeter
1663 2847 1780 2885 quam
1808 2857 1857 2862 —
1884 2845 1992 2872 oram
2018 2855 2070 2861 —
2097 2844 2195 2872 eam.
2251 2833 2396 2884 XXIII,
2428 2836 2464 2884 9,

256 2907 292 2945 2.
345 2907 407 2956 21,
436 2909 472 2948 5.
526 2907 646 2957 XLII,
676 2910 738 2958 56,
766 2909 802 2948 4.
854 2908 998 2957 XXHJ,
1027 2908 1089 2956 46,
1120 2909 1143 2948 8
1171 2918 1257 2946 curn
1284 2907 1423 2958 qmbus
1450 2910 1609 2948 venerat
1645 2908 1774 2958 copiis.
1828 2907 1967 2955 XXIV,
2006 2907 2041 2955 7,
2073 2907 2134 2946 11.
2187 2907 2309 2958 XXV,
2337 2909 2372 2958 7,
2403 2910 2464 2950 11.

248 2977 430 3030 XXVIII,
457 2983 493 3031 5,
523 2985 558 3023 6.
610 2983 750 3032 XXIX,
784 2984 846 3031 35,
886 2984 920 3022 7.
975 2982 1116 3030 XXXI,
1146 2984 1182 3030 2,
1211 2984 1249 3022 6.
1303 2983 1479 3032 XXXVI,
1521 2984 1583 3032 21,
1626 2985 1650 3023 9
1690 2982 1828 3032 quibus
1868 2980 1947 3019 diis
1987 2980 2024 3019 ei
2063 2980 2275 3021 videretur.
2330 2984 2392 3032 37,
2429 2985 2464 3024 5.

248 3053 449 3096 xxxvnv
478 3058 513 3105 3,
542 3058 577 3097 5.
631 3057 711 3106 XL,
742 3058 802 3106 19,
830 3058 866 3105 4,
919 3057 1135 3105 XXXVIII,
1163 3058 1227 3105 44,
1255 3058 1290 3096 5.
1345 3059 1407 3105 54,
1438 3059 1471 3097 7.
1525 3058 1623 3105 XLI,
1652 3058 1687 3102 3,
1719 3058 1778 3095 10.
1844 3056 1964 3104 XLII,
1993 3057 2064 3105 33,
2085 3058 2110 3096 6
2139 3059 2212 3097 etc.
2267 3057 2464 3098 Inversam

248 3126 368 3169 habes
394 3131 666 3172 attractionem
692 3131 813 3180 XLII,
832 3132 894 3181 34,
917 3132 967 3171 14
985 3130 1120 3170 ordine
1146 3122 1220 3180 quo
1246 3143 1304 3170 me
1325 3130 1486 3182 diynum
1513 3130 1683 3169 iudicent
1700 3133 1773 3170 etc.
1820 3131 2113 3183 Nonnunquam
2130 3134 2264 3172 tamen
2281 3133 2462 3175 attractio
