2882 3593
1387 266 1567 321 ”141ae-

356 416 434 444 non
462 402 677 449 adhibetur,
706 401 739 441 si
766 400 1009 440 substantivo
1036 400 1159 440 maior
1186 400 1244 440 vis
1272 401 1439 440 additur.
1495 401 1558 441 Sic
1584 402 1614 449 Ι,
1642 403 1703 450 44,
1732 402 1757 441 4
1784 400 1900 449 locus,
1928 416 2049 453 quem.
2104 404 2171 452 IV,
2200 406 2261 452 46,
2287 406 2335 446 10
2363 406 2425 445 vir
2451 406 2573 446 cuius.

358 477 426 526 IX,
455 477 516 524 29,
544 477 568 516 9
593 485 698 525 qens,
728 473 850 512 ouius.
905 473 1050 521 XXIII,
1081 474 1115 522 7,
1143 474 1168 514 4
1195 472 1257 512 vir
1285 472 1348 512 oui·
1375 476 1448 515 etc.

460 551 492 600 f)
520 550 713 602 Repetitio
741 548 977 600 pronominis
1000 548 1164 594 relativi,
1194 549 1302 588 ouius
1332 550 1507 601 exempla
1536 549 1669 589 afferre
1697 561 1801 590 nunc
1829 552 2069 603 supersedeo.

462 627 503 664 Si
530 627 571 663 in
599 624 863 662 enuntiatione
892 624 1095 661 bimembri
1124 635 1333 671 pronomen
1361 625 1567 661 relativum
1596 625 1711 674 priori
1750 627 1904 663 tantum
1932 628 2104 665 membro
2143 627 2362 678 appositum
2399 630 2467 676 est,
2505 631 2575 668 aut

356 702 395 740 in
425 701 546 740 altero
573 699 747 737 membro
777 710 822 737 ex
849 698 975 747 priore
1005 698 1078 736 alio
1108 710 1199 736 casu
1227 701 1357 736 mente
1392 701 1452 737 est
1488 699 1750 749 repetendum,
1779 702 1849 737 aut
1878 701 2044 739 alterum
2072 703 2289 741 membrum
2317 704 2505 741 convertit
2532 715 2573 742 se

353 774 394 815 in
431 773 597 814 formam
634 771 909 813 enuntiationis
951 771 1285 811 demonstrativae.
1357 772 1572 823 Utrumque
1615 773 1692 812 iam
1735 773 1836 824 apud
1875 773 2041 815 Graecos
2079 776 2225 816 factum
2262 777 2446 823 videmus,
2487 778 2572 818 vide

353 849 494 888 Bernh.
523 849 623 898 synt.
652 858 774 896 graec.
794 858 838 896 .p.
868 846 956 883 304.
1013 844 1075 883 Sic
1103 845 1209 895 prius
1237 845 1385 884 factum
1415 848 1474 884 est
1503 847 1604 897 apud
1633 847 1783 885 Livium
1811 847 1877 894 IX,
1910 848 2006 895 1,9;
2035 849 2083 897 X,
2112 851 2174 897 26,
2194 851 2241 896 6;
2270 850 2444 898 XXXVI,
2473 851 2507 899 7,
2535 851 2571 899 4,

353 924 420 962 ubi
447 923 487 961 in
513 923 637 972 priore
665 923 795 960 mente
825 922 884 959 est
906 918 1058 967 quibuS,
1096 920 1144 957 ad
1173 921 1338 958 alterum
1374 924 1504 960 mente
1540 922 1761 960 addendum
1798 924 1857 960 est
1896 922 1976 970 qui.
2032 925 2167 963 Altera
2200 926 2330 963 autem
2367 925 2465 963 ratio
2503 925 2572 964 ad—

353 996 478 1036 hibita
506 996 566 1035 est
591 993 623 1041 Ι,
654 995 716 1040 31,
746 995 787 1043 3;
816 993 961 1039 XXIII,
992 994 1027 1039 8,
1057 994 1081 1031 3
1110 1003 1194 1030 cum
1221 1004 1295 1040 quo
1323 1016 1374 1019 —
1402 1005 1470 1030 nec
1497 1006 1584 1032 eum
1611 997 1699 1043 etc.;
1731 996 1793 1041 36,
1825 995 1896 1044 103
1925 996 2030 1043 XXI,
2059 999 2121 1043 46,
2153 999 2212 1036 10.

458 1069 589 1109 Pauca
615 1067 779 1107 tandum
818 1067 863 1105 de
901 1066 1058 1116 reliquis
1097 1066 1385 1117 pronominibus
1423 1067 1561 1107 addere
1600 1069 1673 1107 hoc
1714 1069 1797 1107 loco
1837 1068 1941 1109 libet.
2001 1069 2187 1119 Quisquis
2222 1083 2430 1121 pronomen
2457 1073 2571 1111 exuta

353 1143 631 1194 significatione
659 1142 819 1180 relativa
841 1141 1024 1179 adsciscit
1042 1152 1319 1189 nonnunquam
1347 1141 1443 1189 sign.
1474 1143 1708 1191 pronominis
1728 1141 1917 1190 quisque:
1944 1143 2015 1190 111,
2036 1145 2096 1191 37,
2127 1145 2149 1182 7
2178 1155 2263 1182 cum
2288 1144 2463 1193 fortuna,
2491 1156 2571 1193 qua

351 1216 544 1266 quidquid
569 1215 743 1264 cupitum
769 1213 882 1262 foret,
904 1213 1139 1262 potentioris
1165 1215 1260 1251 esset
1273 1224 1286 1258 ,·
1313 1214 1417 1261 VIII,
1441 1216 1502 1261 38,
1525 1216 1570 1253 11
1592 1215 1636 1252 in
1654 1227 1724 1253 suo
1742 1215 1920 1264 quisquis
1944 1216 2073 1266 qradu
2100 1217 2235 1256 obnioei
2253 1240 2302 1245 —
2315 1218 2571 1269 puqnabant5

352 1292 472 1339 XXV,
501 1293 563 1338 29,
591 1293 615 1330 6
643 1302 717 1339 quo
745 1289 923 1339 quisquis
951 1290 1057 1326 terra
1086 1287 1247 1337 quisque
1274 1287 1378 1325 mari
1406 1288 1552 1326 venerit
1563 1300 1576 1333 ,·
1604 1291 1820 1337 XXXVIII,
1852 1291 1911 1337 17,
1939 1292 1987 1329 13
2019 1292 2243 1340 qenerosius
2278 1293 2322 1330 in
2358 1305 2432 1330 sua
2459 1292 2571 1341 quid-

351 1364 449 1415 quid
474 1364 561 1402 sede
585 1363 774 1413 qiqnitur.
805 1385 854 1391 --
886 1361 1124 1410 Quicumque
1152 1365 1220 1401 aut
1248 1365 1307 1401 est
1336 1374 1545 1412 pronomen
1572 1364 1778 1402 relativum
1813 1364 2064 1403 coniunctum
2102 1378 2190 1404 cum
2218 1367 2332 1405 verbo
2367 1368 2475 1406 finito
2503 1369 2572 1406 aut

353 1440 494 1480 omisso
522 1451 566 1478 eo
595 1438 753 1488 ponitur
780 1438 820 1476 in
850 1438 1050 1476 contracta
1079 1436 1353 1481 enuntiatione,
1382 1438 1427 1474 ut
1454 1448 1732 1486 nonnunquam
1760 1438 1873 1487 plane
1902 1449 1942 1476 se
1963 1441 2163 1478 convertat
2190 1440 2230 1477 in
2249 1440 2571 1489 significationem

352 1524 490 1553 vocum
517 1509 656 1560 quivis,
684 1509 853 1559 quilibet,
889 1510 943 1548 sic
977 1508 1008 1556 Ι,
1037 1511 1071 1555 3,
1099 1510 1145 1553 3;
1184 1509 1250 1555 IX,
1280 1509 1315 1555 9,
1347 1509 1413 1554 11,
1452 1509 1498 1556 X,
1531 1510 1589 1556 13,
1617 1511 1664 1555 3;
1703 1510 1827 1556 ΧΧΙΙ,
1863 1511 1925 1557 58,
1953 1512 1999 1556 53
2039 1512 2193 1559 XXXV,
2224 1513 2285 1559 13,
2313 1514 2356 1558 9;
2394 1513 2570 1564 XXXIX,

354 1587 415 1634 10,
446 1587 489 1632 83
519 1585 599 1632 XL,
630 1585 690 1631 13,
720 1584 763 1634 1;
792 1583 906 1630 XLV,
935 1584 997 1630 23,
1027 1583 1074 1629 ὃς
1104 1582 1134 1629 Ι,
1164 1583 1225 1629 39,
1255 1582 1299 1627 5;
1328 1582 1399 1629 ΙΙΙ,
1428 1583 1490 1630 40,
1516 1584 1560 1629 7;
1590 1582 1655 1631 IV,
1676 1584 1738 1631 39,
1758 1585 1804 1631 3;
1832 1584 1880 1631 X,
1903 1585 1964 1632 18,
1987 1585 2030 1625 1:
2059 1585 2233 1633 XXXVI,
2255 1586 2289 1634 7,
2309 1587 2345 1625 3.
2395 1586 2568 1637 Denique

351 1660 588 1711 pronominis
614 1657 723 1695 ullus
751 1660 790 1697 et
817 1657 1015 1707 genetivus
1053 1658 1092 1695 et
1119 1657 1271 1695 dativus
1301 1660 1340 1695 et
1380 1658 1570 1696 ablativus
1610 1670 1721 1697 casus
1755 1658 1794 1696 in
1834 1659 2020 1708 singulari
2055 1671 2216 1699 numero
2255 1671 2367 1710 saepe
2404 1672 2427 1699 a
2464 1660 2569 1698 Livio

352 1747 420 1786 pro
449 1733 693 1774 substantivo
734 1733 974 1782 usurpantur
1016 1729 1079 1779 (cf.
1114 1730 1332 1769 Kuehnast.
1371 1731 1400 1777 I,
1434 1744 1469 1781 p.
1498 1731 1576 1780 47),
1619 1732 1737 1770 semel
1779 1732 1873 1771 adeo
1915 1731 1980 1781 (II,
2022 1734 2083 1779 59,
2115 1732 2154 1783 7)
2185 1732 2313 1782 (nemo
2339 1732 2463 1771 ullius
2489 1732 2569 1771 nisi

348 1807 469 1858 fuqae
495 1805 658 1856 memor)
687 1805 888 1855 genetivus
917 1805 1066 1854 generis
1095 1805 1234 1850 neutri,
1262 1804 1397 1843 itidem
1425 1802 1531 1849 ullis,
1559 1803 1660 1842 ullos
1686 1817 1845 1844 numero
1874 1806 2024 1856 plurali.

457 1882 504 1921 In
532 1882 653 1920 altera
676 1880 844 1919 sectione
880 1878 1055 1928 syntaxis
1091 1878 1293 1917 notionum
1326 1878 1538 1927 praedicati
1575 1880 1818 1927 tractabitur,
1861 1881 1966 1918 verbi
2012 1882 2051 1918 et
2087 1880 2273 1927 adiectivi,
2316 1892 2361 1919 ac
2402 1881 2568 1931 primum

347 1956 504 2008 quidem
533 1956 671 2005 agetur
698 1954 745 1993 de
774 1952 978 1992 omissione
1006 1952 1113 1991 verbi
1143 1951 1376 1991 substantivi
1406 1963 1497 1997 esse,
1532 1952 1668 1991 deinde
1697 1952 1742 1992 de
1762 1954 1876 1992 variis
1895 1954 2100 2004 generibus
2127 1954 2348 2005 praedicati,
2377 1956 2567 2005 quatenus

347 2032 389 2070 id
417 2033 478 2071 est
505 2032 575 2069 aut
603 2029 845 2068 substantivo
865 2030 934 2066 aut
953 2027 1140 2065 adiectivo
1162 2028 1231 2065 aut
1250 2026 1430 2065 adverbio
1451 2038 1682 2076 expressum.
1729 2026 1909 2077 Sequitur
1928 2028 2101 2077 syntaxis
2128 2028 2234 2067 verbi
2262 2030 2301 2067 et
2319 2029 2374 2068 ita
2402 2029 2566 2078 quidem,

347 2108 394 2145 ut
420 2099 590 2156 primum
618 2105 757 2152 agatur
784 2102 831 2140 de
864 2101 1019 2140 notione
1062 2103 1178 2150 atque
1220 2100 1425 2149 generibus
1469 2101 1575 2138 verbi
1620 2101 1660 2138 in
1702 2102 1936 2140 universum.
2013 2102 2341 2151 Distinguendum
2380 2105 2440 2141 est
2467 2085 2568 2142 inter

348 2179 515 2219 activam
543 2176 867 2227 significationem
895 2178 934 2214 et
970 2175 1174 2225 passivam,
1212 2174 1278 2212 illa
1316 2174 1584 2224 complectitur
1621 2175 1819 2214 notionem
1860 2175 2105 2214 transitivam
2144 2178 2184 2215 et
2217 2176 2501 2215 intransitivam
2528 2179 2567 2215 et

347 2253 388 2292 in
416 2252 532 2292 activi
559 2252 683 2290 forma
711 2252 749 2289 et
775 2250 815 2288 in
845 2249 1113 2299 deponentiali.
1168 2248 1351 2287 Activum
1380 2260 1493 2298 saepe
1520 2260 1597 2287 non
1625 2249 1663 2287 id
1693 2249 1896 2299 significat,
1924 2249 2026 2299 quod
2055 2249 2274 2289 subiectum
2305 2250 2432 2300 ipsum
2461 2250 2566 2297 facit,

347 2327 415 2367 sed
443 2326 545 2377 quod
572 2337 640 2377 per
667 2324 787 2363 alium
814 2323 1033 2362 faciendum
1061 2324 1171 2362 curat
1198 2322 1275 2361 sive
1305 2322 1426 2361 efficit
1454 2324 1498 2360 ut
1536 2322 1613 2361 fiat.
1670 2324 1808 2363 Activa
1846 2324 2051 2363 verborum
2078 2322 2183 2371 coepi
2218 2325 2258 2362 et
2285 2321 2417 2361 desino
2453 2335 2565 2375 saepe

347 2413 371 2439 a
398 2401 504 2438 Livio
541 2411 631 2438 cum
669 2398 869 2436 infinitivis
906 2397 1050 2447 passivi
1090 2397 1390 2445 coniunguntur.
1456 2396 1675 2435 Infinitivus
1713 2398 1827 2435 activi
1865 2398 2060 2436 interdum
2097 2397 2253 2447 ponitur
2288 2398 2375 2446 post
2406 2398 2566 2436 verbum

345 2472 487 2518 iubere,
515 2472 582 2511 ubi
609 2471 807 2521 passivum
835 2471 1044 2520 exspectas,
1082 2469 1114 2508 si
1151 2456 1324 2519 persona.
1368 2480 1466 2518 quae
1508 2469 1555 2507 ad
1598 2470 1789 2508 actionem
1831 2470 2025 2519 quandam
2064 2469 2336 2520 perficiendam
2372 2469 2566 2509 destinata

347 2549 417 2594 est,
438 2546 633 2586 reticetur.
679 2543 981 2585 Constituendus
1010 2545 1070 2582 est
1089 2542 1225 2582 deinde
1253 2542 1366 2581 index
1394 2543 1607 2590 verborum,
1637 2556 1733 2593 quae
1762 2546 1801 2583 et
1820 2544 2023 2583 transitiva
2042 2545 2081 2582 et
2105 2543 2348 2582 intransitiva
2375 2543 2567 2592 significae-

348 2621 452 2661 tione
480 2632 503 2659 a
529 2619 637 2658 Livio
664 2619 911 2669 usurpantur.
968 2616 1030 2656 Ad
1058 2617 1365 2667 deponentialem
1393 2628 1507 2655 usum
1535 2618 1593 2656 est
1613 2618 1729 2656 etiam
1747 2617 2002 2664 referendum,
2023 2616 2125 2667 quod
2152 2616 2355 2667 participia
2381 2617 2566 2657 nonnulla

346 2694 506 2747 perfecti
533 2693 676 2746 passivi
704 2704 727 2732 a
753 2691 880 2731 verbis
908 2691 1043 2731 activis
1071 2691 1237 2731 formata
1265 2692 1359 2731 sunt
1387 2690 1665 2742 significatione
1694 2691 1830 2740 activa,
1859 2692 2084 2744 plerumque
2113 2690 2358 2730 intransitiva
2377 2690 2563 2740 (adultus,

347 2771 529 2817 exoletus,
556 2769 764 2814 obsoletus,
793 2769 1006 2814 concretus,
1035 2767 1212 2814 iuratus).
1268 2767 1512 2817 Deponentia
1540 2779 1652 2818 saepe
1680 2767 1832 2818 passiva
1861 2767 2140 2816 significatione
2169 2767 2413 2816 usurpantur.
2471 2766 2566 2806 Pas-

347 2843 473 2885 sivum
502 2855 614 2894 saepe
643 2844 711 2882 aut
748 2841 1028 2892 significatione
1068 2841 1292 2892 simpliciter
1327 2840 1507 2880 reflexiva
1541 2842 1706 2892 ponitur,
1747 2843 1815 2881 aut
1851 2841 2044 2891 significat
2081 2840 2204 2880 sinere
2239 2840 2405 2890 aliquem
2440 2852 2564 2892 neque

345 2917 531 2969 impedire
559 2928 634 2966 quo
660 2916 789 2955 minus
818 2927 859 2956 se
892 2915 1038 2965 aliquid
1074 2915 1169 2962 fiat,
1192 2916 1260 2954 aut
1297 2915 1461 2965 denique
1498 2927 1642 2963 curare,
1679 2917 1723 2955 ut
1761 2926 1801 2955 se
1840 2915 1984 2966 aliquid
2022 2915 2103 2954 fiat.
2158 2912 2380 2954 Promiscue
2408 2926 2431 2954 a
2457 2914 2564 2954 Livio

346 2992 488 3031 dicitur
514 2989 685 3038 receptui
711 3000 849 3027 canere
885 2990 925 3028 et
958 2987 1059 3026 cani.
1123 2989 1231 3028 Inter
1267 2987 1423 3036 ellipses
1458 2989 1562 3028 verbi
1598 2989 1767 3040 primum
1807 2988 2143 3029 commemoranda
2182 2989 2242 3027 est
2278 2988 2430 3028 omissio
2458 2988 2564 3029 verbi

345 3064 543 3116 cogitandi
569 3065 630 3104 vel
657 3063 809 3103 dicendi
835 3063 876 3102 in
903 3062 1061 3113 apodosi
1088 3074 1313 3113 praegressa
1341 3062 1605 3102 enuntiatione
1632 3074 1701 3113 per
1727 3061 1774 3108 si,
1793 3074 1842 3101 ne
1860 3065 1933 3103 etc.
1963 3063 2076 3101 elata.
2116 3061 2264 3101 Deinde
2282 3061 2323 3101 in
2340 3061 2564 3102 universum

343 3139 549 3181 verborum
576 3137 745 3184 dicendi3
774 3138 978 3177 verborum
1004 3135 1146 3185 facere,
1173 3135 1275 3185 fieri,
1302 3148 1428 3186 aqere.
1482 3136 1829 3187 Frequentissimae
1857 3138 1949 3177 sunt
1975 3137 2163 3177 formulae
2189 3134 2292 3174 nihil
2317 3134 2441 3184 aliud,
2468 3135 2566 3190 quid
