2882 3593
0 845 3 857 “
0 801 3 818 '⁴
2 765 8 778 ⁴'
6 686 15 750 »κφ-

1528 258 1580 297 24

555 394 692 443 Quoad
717 395 761 442 V,
790 396 851 442 50,
880 396 903 433 2
931 393 1033 443 fana
1060 394 1203 440 omnia,
1239 394 1369 443 quoad
1404 407 1450 433 ea
1487 394 1608 434 hostis
1637 394 1881 444 possedisset,
1921 395 2231 433 restituerentur.
2295 393 2352 432 De
2386 393 2470 432 loco
2510 392 2659 432 dictum
2696 401 2699 402 ’

448 471 507 510 est
533 469 563 517 Ι,
593 469 654 517 18,
683 470 707 509 8
735 467 866 518 quoad
891 467 1112 519 lonyissime
1139 471 1377 518 conspectum
1406 468 1506 508 oculi
1533 468 1720 519 ferebant.
1772 469 1830 510 De
1850 472 2023 521 tempore
2051 468 2195 521 duplici
2220 467 2335 507 modo
2363 468 2585 518 usurpatur,
2613 467 2659 506 ut

448 545 516 583 aut
543 543 648 583 idem
676 543 726 583 sit
754 544 878 595 quod:
905 555 1028 595 usque
1057 544 1104 583 ad
1132 544 1227 584 illud
1255 546 1420 596 tempus,
1449 557 1536 596 quo,
1565 561 1616 578 =
1645 544 1777 591 donec,
1806 546 1875 584 aut
1902 545 2006 585 idem
2034 544 2135 596 quod
2165 542 2359 593 quamdiu.

553 616 713 656 Rursus
768 616 807 668 a)
837 618 1002 657 alteram
1028 630 1111 657 rem
1140 619 1252 658 alteri
1278 631 1323 658 ex
1351 620 1508 659 adverso
1538 619 1655 670 ponit,
1692 619 1737 657 ut
1766 619 1976 668 significet:
2006 631 2051 659 ex
2078 619 2199 658 altera
2226 619 2346 669 parte,
2373 616 2403 664 I,
2431 617 2494 662 59,
2519 616 2553 654 6.
2605 614 2657 662 Π,

445 694 506 740 30,
537 693 570 731 1.
626 692 746 739 XXV,
774 694 837 740 37,
867 694 927 732 15.
983 693 1024 740 b)
1054 693 1100 732 de
1128 694 1292 743 repetita
1320 694 1461 733 dicitur
1489 693 1648 732 actione.
1703 694 1739 741 e)
1767 694 1870 732 idem
1899 694 2091 743 significat
2120 691 2220 743 quod
2248 692 2362 735 retro,
2401 689 2503 737 XXI,
2532 689 2594 736 61,
2621 689 2656 728 6.

549 764 698 805 Saltem
726 778 815 806 cum
852 768 1056 817 negatione
1091 768 1349 814 coniunctum,
1388 769 1432 805 ut
1469 769 1571 806 recte
1609 767 1721 806 docet
1749 767 2095 814 Weissenbornius,
2132 767 2208 805 fere
2238 764 2559 814 significationem
2588 762 2657 802 ad-

448 840 579 880 sciscit
604 851 654 878 ue
682 839 847 889 quidem.
2438 878 2440 881 ,

553 912 682 952 Simul
711 914 749 962 a)
778 914 971 963 significat
998 927 1059 953 res
1086 916 1181 953 duas
1210 915 1343 953 eodem
1372 917 1546 965 tempore
1575 915 1669 954 fieri.
1716 912 1759 964 b)
1779 913 1897 951 simul
1926 926 2015 953 cum
2043 913 2254 966 participio.
2302 911 2337 960 c)
2357 911 2454 951 duae
2482 910 2657 950 notiones

446 1001 515 1039 per
543 986 665 1025 simul
694 990 732 1026 et
760 990 985 1037 sequentem
1014 990 1322 1028 coniunctionem
1345 990 1604 1039 copulativam
1625 989 1922 1037 coniunguntur.
1970 989 2100 1037 Longe
2124 989 2316 1026 diversum
2344 986 2391 1024 ab
2419 986 2492 1023 hoe
2519 996 2657 1034 genere

451 1065 522 1109 est,
551 1062 583 1102 si
610 1060 728 1099 se'mul
757 1063 907 1112 spectat
936 1063 983 1101 ad
1013 1065 1138 1102 totam
1167 1064 1473 1102 enuntiationem
1501 1076 1569 1113 per
1599 1064 1694 1101 duas
1722 1063 2011 1101 coniunctiones
2041 1063 2276 1112 copulativas
2304 1062 2403 1099 inter
2431 1072 2470 1097 sc
2498 1072 2656 1109 respon-

451 1136 585 1175 dentes
613 1135 849 1187 bipartitam.
906 1135 947 1186 d)
969 1134 1087 1174 simul
1109 1159 1159 1163 -
1182 1135 1308 1183 simul,
1338 1137 1438 1188 quod
1461 1138 1668 1188 respondet
1697 1137 1931 1177 Graecorum
1960 1132 2045 1184 ἅμα
2073 1133 2147 1184 μὲν
2174 1159 2225 1163 —
2253 1130 2338 1183 ἅμα
2368 1132 2423 1173 δέ.
2478 1135 2512 1182 e)
2540 1131 2658 1170 simul

447 1210 588 1249 dicitur
615 1221 684 1260 pro
713 1208 831 1247 simul
857 1221 914 1255 ae,
946 1211 1048 1261 quod
1077 1211 1204 1262 ipsum
1232 1213 1373 1262 legitur
1400 1213 1574 1260 XXXVI,
1605 1214 1638 1260 7,
1667 1214 1701 1251 5.

554 1282 666 1323 Ultro
694 1284 731 1332 a)
760 1285 806 1322 de
836 1285 985 1323 actione
1014 1285 1165 1331 dieitur,
1195 1298 1312 1335 quam
1340 1286 1425 1336 quis
1448 1286 1528 1337 ipse
1552 1285 1686 1335 incipit
1713 1297 1735 1324 a
1757 1285 1862 1324 nullo
1887 1287 2127 1336 provocatus.
2185 1285 2224 1333 b)
2254 1296 2342 1323 cum
2361 1281 2537 1323 adverbio
2557 1280 2652 1320 citro

445 1359 695 1398 coniunctum
725 1359 1049 1408 significationem
1077 1360 1195 1398 habet
1223 1361 1307 1399 loci.

553 1444 601 1470 ne
629 1454 680 1458 —
708 1431 873 1480 quidem..
930 1433 966 1480 a)
995 1434 1040 1472 de
1070 1434 1351 1481 significatione
1379 1434 1517 1471 harum
1553 1446 1690 1472 vocum
1718 1435 1812 1472 bene
1841 1433 2053 1483 disputavit
2080 1433 2257 1471 Handius
2283 1433 2349 1479 IV,
2377 1445 2412 1483 p.
2441 1431 2501 1478 60,
2541 1441 2656 1480 quem

442 1506 539 1545 vide.
608 1506 651 1554 b)
691 1506 944 1554 Sententiam,
988 1519 1085 1557 quae
1124 1520 1192 1557 per
1238 1519 1277 1546 se
1319 1508 1402 1558 ipsa
1441 1509 1500 1546 est
1536 1509 1725 1557 negativa,
1763 1508 1939 1557 sequitur
1974 1519 2023 1544 ne
2063 1505 2225 1555 quidem,
2256 1506 2303 1545 ef.
2348 1504 2472 1551 XXH,
2516 1504 2577 1550 14,
2619 1503 2655 1541 4.

444 1578 481 1631 o)
511 1581 721 1631 particulas
749 1592 798 1617 ue
826 1603 876 1606 —
904 1580 1058 1629 quidem
1097 1582 1271 1631 sequitur
1309 1582 1499 1621 sententia
1542 1594 1608 1631 per
1649 1581 1715 1619 sed
1751 1582 1851 1621 elata
1884 1581 1953 1627 III,
1984 1582 2044 1627 10,
2076 1582 2135 1620 10.
2193 1581 2231 1628 d)
2260 1581 2334 1619 Ubi
2363 1580 2473 1630 plura
2500 1577 2656 1616 nomina

444 1654 492 1692 ad
530 1653 691 1692 eandem
719 1654 909 1692 rationem
936 1655 1137 1693 referenda
1166 1657 1267 1701 sunt,
1299 1656 1466 1705 primum
1486 1655 1697 1694 includitur
1716 1655 1840 1694 verbis
1859 1666 1907 1691 ue
1927 1676 1978 1680 -—
1997 1652 2159 1701 Quidem,
2189 1667 2221 1692 v.
2237 1654 2269 1700 I,
2293 1654 2327 1700 3,
2352 1654 2421 1699 10;
2451 1651 2520 1698 III,
2539 1652 2574 1697 9,
2592 1651 2654 1695 123

442 1727 508 1765 ubi
536 1727 631 1765 duas
660 1729 788 1777 partes
817 1728 1010 1766 sententia
1047 1728 1174 1774 habet,
1213 1729 1502 1778 coniunguntur
1543 1740 1608 1767 eae
1650 1740 1717 1778 per
1752 1739 1831 1773 nee,
1867 1728 1895 1775 Ι,
1924 1730 1958 1775 3,
1988 1729 2033 1773 4;
2071 1728 2149 1774 XL,
2178 1728 2239 1774 25,
2268 1727 2302 1766 6.
2358 1724 2499 1772 (Hand.
2527 1736 2562 1774 p.
2592 1723 2653 1769 69,

443 1801 529 1840 coll.
562 1801 681 1840 etiam
709 1814 745 1851 p.
778 1802 879 1848 108).
1653 1850 1656 1855 ,

548 1872 642 1911 Non
670 1874 708 1922 a)
738 1875 986 1914 coniunctum
1026 1886 1114 1914 cum
1142 1875 1279 1914 verbis.
1337 1876 1378 1925 b)
1410 1888 1498 1915 eum
1533 1875 1729 1914 adiectivis
1765 1876 1802 1915 et
1830 1875 2031 1915 adverbiis.
2097 1873 2133 1925 c)
2162 1886 2240 1913 non
2266 1884 2460 1922 umquam,
2498 1882 2576 1910 uon
2604 1891 2655 1896 ——

441 1946 559 1984 ullus.
615 1948 655 1994 d)
685 1950 834 1987 diversa
864 1950 1062 1987 collocatio
1092 1950 1302 1998 particulae
1332 1961 1420 1986 non.
1478 1948 1514 1998 e)
1543 1950 1587 1986 de
1617 1950 1761 2000 duplici
1788 1950 2003 2000 negatione.
2069 1948 2101 1997 f)
2129 1959 2207 1986 non
2236 1948 2453 2000 repetitum.
2510 1945 2548 1996 g)
2576 1953 2655 1981 now

445 2026 481 2062 et
507 2025 572 2070 VI,
603 2025 665 2070 20,
694 2025 729 2062 2.
785 2024 827 2070 h)
856 2036 934 2061 nou
963 2026 1052 2061 tam.
1106 2025 1304 2070 Quomodo
1335 2024 1514 2061 differant
1551 2036 1628 2060 non
1657 2025 1737 2059 tam
1765 2046 1815 2050 —
1843 2037 1961 2071 quam
2001 2026 2039 2061 et
2076 2035 2155 2059 uon
2183 2044 2234 2048 ——
2262 2035 2389 2070 quam,
2418 2021 2501 2059 vide
2529 2019 2654 2057 Hand.

441 2111 478 2149 p.
508 2098 595 2137 274.
652 2097 680 2145 i)
707 2109 787 2135 uon
815 2096 861 2135 si.
917 2098 956 2145 k)
984 2109 1063 2136 non
1092 2120 1143 2124 —
1172 2097 1247 2135 sed.
1304 2098 1332 2145 1)
1356 2109 1435 2135 non
1464 2120 1514 2124 —-
1542 2096 1609 2135 sed
1626 2120 1675 2124 -—
1696 2110 1854 2146 quoque.
1900 2098 1955 2146 m)
1984 2111 2063 2136 non
2089 2095 2159 2134 ita.
2206 2097 2247 2145 n)
2270 2110 2348 2135 non
2374 2093 2497 2146 mayis
2525 2105 2652 2143 quam.

443 2173 479 2220 o)
508 2183 589 2209 nort
617 2170 725 2208 modo
753 2170 829 2208 sed.
885 2171 927 2223 p)
955 2183 1034 2209 nou
1062 2171 1169 2209 modo
1197 2183 1276 2210 non
1304 2194 1355 2198 —
1383 2171 1460 2209 secl.
1516 2176 1553 2222 q?
1577 2183 1655 2209 mm
1683 2170 1806 2210 solum
1833 2171 1909 2210 sed.
1965 2172 1998 2220 r)
2021 2184 2099 2210 uon
2126 2170 2234 2210 modo
2263 2170 2330 2209 sed
2350 2169 2476 2209 etiam.
2525 2167 2557 2215 s)
2577 2178 2655 2205 non

443 2245 566 2282 solum
594 2245 661 2281 sed
687 2245 814 2281 etiam.
871 2248 902 2290 t)
928 2257 1007 2281 non
1034 2245 1142 2281 modo
1171 2245 1269 2293 (uon
1297 2245 1417 2280 solum
1415 2245 1440 2293 )
1469 2245 1536 2280 sed
1567 2257 1725 2292 quoque.
1792 2245 1834 2290 u)
1861 2256 1941 2283 non
1967 2244 2075 2283 modo
2103 2257 2193 2291 non,
2233 2245 2298 2283 sed
2325 2243 2451 2282 etiam.
2510 2241 2545 2288 v)
2573 2252 2651 2279 mm

442 2317 550 2356 modo
578 2331 657 2356 non
685 2341 736 2345 —-
765 2317 832 2355 sed
858 2331 907 2355 ne
933 2317 1098 2365 quidem.
1170 2319 1217 2363 w)
1245 2331 1323 2355 uon
1363 2321 1528 2363 tantum,
1570 2332 1648 2355 uon
1686 2322 1840 2356 tantum
1877 2320 1953 2364 sed,
1999 2332 2078 2356 nou
2117 2322 2270 2355 tantum
2297 2319 2364 2355 sed
2399 2318 2526 2361 etiam,
2573 2326 2652 2352 uon

441 2392 597 2430 tantum
624 2389 691 2429 sed
717 2403 877 2441 quoque.
933 2391 971 2441 x)
999 2391 1045 2431 In
1074 2391 1342 2432 coniunctione
1376 2403 1454 2431 non
1481 2391 1588 2431 modo
1617 2415 1667 2420 —
1694 2392 1762 2432 secl
1788 2405 1836 2432 ne
1864 2392 2017 2442 quidem
2053 2407 2130 2434 non
2166 2394 2331 2433 alterum
2359 2405 2437 2431 non
2466 2391 2652 2432 omissum

443 2477 525 2506 esse
554 2467 650 2505 bene
679 2466 810 2504 docuit
837 2466 1014 2504 Handius
1042 2478 1078 2517 p.
1108 2467 1197 2505 293.
1253 2466 1296 2516 y)
1326 2466 1471 2505 Eodem
1498 2467 1612 2506 modo
1641 2470 1850 2519 usurpatur
1882 2479 1961 2506 non
1982 2490 2031 2494 —
2051 2466 2173 2506 solum
2194 2489 2244 2493 ——
2262 2465 2329 2505 sed
2354 2478 2402 2504 ne
2420 2488 2469 2494 ——
2488 2463 2651 2514 quidem.

443 2541 477 2587 z)
505 2552 584 2578 mm
610 2539 730 2584 modo,
750 2551 829 2576 uon
856 2538 991 2583 solum,
1010 2552 1089 2575 non
1108 2541 1263 2576 tantum
1290 2540 1394 2577 haud
1414 2552 1499 2578 raro
1519 2544 1606 2592 post
1625 2553 1710 2580 eam
1730 2543 1964 2581 sententiam
1987 2543 2191 2594 ponuntur,
2212 2542 2261 2581 ad
2288 2552 2404 2592 quam
2422 2539 2651 2581 referuntur.

546 2615 641 2660 Nee,
679 2626 811 2662 neque.
868 2613 907 2663 a)
934 2625 1003 2651 uec
1040 2615 1223 2664 gravioris
1260 2615 1477 2663 negationis
1520 2617 1736 2665 antiquitus
1778 2618 1861 2654 erat
1888 2618 2121 2655 vocabulum
2150 2618 2189 2655 et
2216 2616 2477 2666 usurpabatur
2505 2626 2574 2666 pro
2603 2624 2652 2651 ne

443 2689 634 2739 negativo,
663 2689 772 2728 cuius
800 2699 894 2728 usus
922 2690 1076 2739 praeter
1095 2690 1255 2728 verbum
1285 2689 1542 2739 compositum
1569 2689 1824 2738 neeopirzatus
1850 2703 1973 2729 unum
2002 2692 2219 2741 exemplum
2248 2691 2350 2741 apud
2370 2691 2520 2729 Livium
2549 2690 2653 2728 extat

440 2763 470 2810 I,
498 2764 559 2810 25,
590 2764 638 2802 10
666 2762 736 2811 qui
763 2773 832 2800 nee
856 2761 994 2810 procul
1031 2762 1177 2801 aberat.
1233 2763 1273 2810 b)
1301 2773 1370 2800 nee
1407 2765 1446 2801 et
1484 2775 1605 2811 neque
1643 2765 1697 2802 ita
1734 2767 1941 2814 ponuntur,
1982 2768 2028 2804 ut
2064 2766 2219 2813 negatio
2247 2777 2270 2804 a
2299 2765 2526 2815 copulativa,
2555 2773 2652 2814 quae

441 2836 583 2884 subest,
611 2837 803 2888 particula
831 2836 981 2885 seiungi
1009 2838 1049 2876 et
1077 2837 1126 2876 ad
1153 2848 1295 2875 nomen
1324 2836 1477 2885 aliquod
1512 2837 1705 2887 singulare
1742 2838 1876 2877 referri
1915 2839 2063 2886 debeat,
2102 2851 2179 2878 non
2220 2841 2269 2879 ad
2297 2841 2466 2879 verbum.
2520 2838 2582 2877 Ita
2609 2837 2656 2875 fit

438 2909 479 2948 in
508 2910 643 2957 verbis,
680 2911 820 2960 quibus
847 2910 983 2950 innata
1019 2911 1175 2960 negatio
1216 2910 1442 2957 detrahitur,
1486 2913 1600 2961 atque
1644 2923 1756 2962 saepe
1799 2911 1942 2951 dicitur
1979 2923 2048 2950 nec
2088 2910 2195 2950 ullus
2233 2925 2300 2963 pro
2339 2914 2376 2951 et
2412 2910 2559 2958 nullus,
2587 2920 2656 2949 nec

438 2982 645 3031 quisquam
671 2994 740 3033 pro
768 2985 805 3021 et
831 2979 941 3022 riemo
968 2984 1039 3031 (sic
1066 2984 1193 3022 Hand.
1223 2996 1259 3033 p.
1286 2983 1363 3030 99).
1422 2984 1457 3030 c)
1485 2994 1553 3021 nee
1580 2986 1620 3023 et
1646 2996 1768 3033 neque
1796 2986 2009 3024 adnectunt
2036 2987 2245 3035 negantem
2264 2986 2496 3026 sententiam
2524 2997 2655 3036 super-

437 3056 593 3095 ioribus.
649 3056 690 3103 d)
717 3066 786 3094 nee
811 3072 866 3089 .-.—..
891 3068 940 3096 ne
970 3076 1019 3083 -·
1049 3057 1216 3106 quidem.
1274 3056 1309 3104 e)
1338 3066 1406 3093 nec
1434 3057 1499 3095 alii
1526 3058 1723 3108 negationi
1751 3059 1927 3101 additum
1962 3060 2023 3099 est
2051 3058 2100 3098 ad
2128 3059 2346 3109 augendam
2372 3059 2539 3110 negandi
2565 3059 2655 3107 vim,

436 3129 577 3177 XLIII,
615 3130 674 3177 13,
704 3131 737 3177 1,
765 3143 800 3169 v.
831 3130 958 3169 Hand.
986 3143 1023 3181 p.
1055 3132 1153 3177 110;
1197 3131 1271 3169 132
1313 3132 1352 3169 et
1380 3130 1442 3169 W.
1473 3132 1521 3170 ad
1550 3132 1587 3169 h.
1615 3132 1639 3170 l.
1667 3132 1845 3185 XXXIV,
1884 3134 1945 3181 32,
1973 3134 2010 3171 9.
2075 3132 2107 3180 f)
2135 3142 2204 3169 nee
2230 3130 2343 3179 enim,
2381 3143 2504 3183 neque
2540 3131 2655 3172 euim.
