2882 3593
1396 255 1585 315 -Q

384 391 487 441 quod
515 393 583 431 aut
610 392 805 440 significat
831 391 872 429 in
900 394 1054 442 tempus
1082 393 1173 431 anni
1200 395 1269 432 aut
1296 396 1506 444 usurpatur
1533 394 1579 432 de
1608 405 1708 432 anno
1736 393 1964 443 insequenti.
2020 391 2059 441 v)
2087 392 2183 431 item
2221 393 2431 444 separatim
2469 390 2597 431 afferri

383 468 547 515 possunt
573 464 618 503 in
644 463 746 502 diem
773 467 812 504 et
840 464 884 502 in
911 464 1004 511 dies,
1034 466 1079 505 de
1108 478 1271 517 quarum
1299 467 1539 507 locutionum
1567 466 1781 506 differentia
1808 466 1893 505 vide
1921 466 2048 516 Hand.
2063 479 2110 517 p.
2133 466 2210 505 339
2230 478 2311 517 sqq.
2357 463 2412 516 w)
2432 465 2477 504 in
2502 477 2598 506 non-

381 550 579 589 nunquam
608 550 696 578 cum
725 540 943 578 accusativo
974 541 1233 589 coniungitur,
1262 542 1329 580 ubi
1357 542 1548 580 ablativus
1577 543 1831 592 exspectatur.

485 612 585 650 sub
614 624 702 651 curn
730 613 896 652 ablativo
925 614 1174 653 coniunctum
1202 615 1241 663 a)
1270 615 1410 654 dicitur
1437 616 1482 654 de
1511 616 1606 663 loco,
1635 615 1712 654 sive
1740 614 1772 653 is
1801 616 1861 653 est
1888 614 1995 654 locus
2026 625 2138 653 verus
2174 613 2252 652 sive
2280 625 2342 652 res
2371 625 2439 664 per
2466 616 2595 653 trans-

379 686 565 725 lationem
592 699 661 738 pro
690 688 773 726 loco
802 690 972 738 accepta.
1028 689 1069 738 b)
1098 689 1143 727 de
1172 692 1355 740 tempore.
1411 691 1511 729 Item
1541 702 1628 729 cum
1657 700 1734 728 acc.
1763 691 1802 727 et
1831 688 1877 727 de
1905 688 1989 728 loco
2019 691 2057 727 et
2085 688 2131 726 de
2159 688 2333 738 tempore
2360 687 2514 727 dicitur.

484 760 649 808 Super
678 773 767 800 cum
796 773 874 801 acc.
905 762 1155 801 coniunctum
1183 763 1324 802 dicitur
1353 764 1391 813 a)
1421 764 1468 803 de
1495 765 1589 803 loco.
1648 763 1689 812 b)
1721 763 1766 802 de
1796 774 1851 810 eo,
1881 763 1983 813 quod
2013 762 2061 801 ad
2089 762 2204 801 aliam
2242 773 2324 801 rem
2353 761 2514 808 accedit,
2543 761 2593 800 id.

378 847 414 885 q.
437 836 612 882 praeter.
669 835 709 885 d)
738 835 786 875 de
814 848 868 883 eo,
897 836 998 887 quod
1017 848 1238 876 mensuram
1267 838 1460 888 quandam
1488 838 1647 878 excedit.

483 908 660 947 Subtem-
688 921 778 948 cum
806 911 1024 949 accusativo
1053 911 1303 950 coniunctum
1332 912 1480 951 duobus
1498 912 1591 951 locis
1610 911 1711 962 apud
1732 910 1881 949 Livium
1900 910 2104 958 invenitur,
2124 910 2230 957 VIII,
2250 910 2284 956 9,
2308 910 2331 947 5
2355 910 2395 947 et
2413 907 2591 956 XXXIV,

377 984 440 1029 20,
470 985 504 1022 6.
561 983 660 1023 Cum
688 985 855 1023 ablativo
885 985 1090 1023 coniuncta
1116 986 1213 1024 haec
1240 987 1472 1036 praepositio
1502 986 1603 1036 apud
1631 985 1780 1023 Livium
1808 996 1884 1022 non
1911 985 2065 1034 legitur.

481 1057 535 1097 Ut
563 1058 641 1097 iam
669 1058 717 1097 ad
738 1057 976 1105 pronomina
1004 1071 1073 1098 nos
1103 1062 1387 1107 convertamus,
1417 1061 1500 1100 aliis
1529 1059 1690 1106 omissis,
1719 1058 1821 1109 quod
1849 1058 1898 1097 ad
1925 1070 2138 1108 pronomen
2165 1056 2200 1094 is
2227 1057 2379 1103 attinet,
2421 1056 2590 1095 sufficiat

377 1130 513 1178 dicere,
544 1133 583 1171 et
611 1132 658 1171 de
687 1144 825 1182 genere
855 1133 936 1171 eius
964 1130 1155 1184 (inprimis
1182 1131 1352 1183 neutro),
1392 1136 1431 1174 et
1467 1134 1512 1173 de
1548 1133 1777 1173 attractione
1814 1134 1854 1172 et
1892 1131 1938 1170 de
1977 1131 2101 1183 ellipsi
2129 1143 2210 1171 esse
2240 1131 2444 1182 agendum.
2500 1129 2593 1168 Pro-

373 1205 531 1243 nomina
559 1205 862 1244 demonstrativa
889 1204 951 1243 hic
979 1209 1018 1245 et
1045 1205 1113 1244 ille
1141 1207 1173 1247 si
1208 1208 1247 1246 in
1283 1219 1361 1246 una
1398 1207 1660 1247 enuntiatione
1697 1207 1977 1252 consociantur,
2016 1206 2139 1256 primo
2175 1206 2359 1256 adspectu
2388 1204 2516 1242 Livius
2545 1215 2591 1242 ea

374 1278 430 1317 ita
457 1290 665 1329 usurpasse
693 1280 812 1318 videri
840 1281 973 1330 possit,
1002 1282 1047 1319 ut
1073 1279 1136 1317 hic
1163 1281 1212 1319 ad
1240 1281 1278 1319 id
1307 1282 1594 1320 substantivum
1628 1280 1828 1326 referatur,
1867 1280 1967 1330 quod
2005 1280 2045 1318 in
2073 1280 2337 1318 enuntiatione
2374 1278 2480 1328 prius
2519 1278 2589 1323 est,

375 1349 442 1389 ille
470 1352 518 1391 ad
546 1353 751 1402 posterius.
808 1353 884 1392 Sed
913 1355 1132 1394 accuratius
1163 1355 1305 1403 si,rem
1334 1357 1499 1405 spectas,
1534 1353 1595 1391 hie
1622 1355 1751 1404 potius
1780 1354 1827 1392 de
1863 1352 1909 1392 eo‘
1944 1353 2019 1392 dici
2047 1353 2297 1391 statuendum
2325 1354 2395 1398 est,
2425 1350 2526 1400 quod
2556 1350 2590 1389 ei

377 1425 443 1475 qui
470 1426 644 1476 loquitur
671 1426 749 1466 sive
777 1427 861 1466 loco
891 1427 968 1466 sive
996 1430 1168 1478 tempore
1198 1429 1275 1468 sive
1304 1429 1539 1478 cogitatione
1567 1429 1627 1467 vel
1654 1427 1876 1477 dignatione
1903 1427 2009 1477 prius
2047 1427 2108 1465 vel
2142 1426 2299 1476 propius
2336 1427 2403 1471 est,
2437 1422 2504 1461 ille
2542 1423 2588 1462 de

378 1499 511 1538 altero.
567 1499 679 1538 Hanc
708 1500 940 1540 sententiam
968 1512 1097 1540 veram
1126 1513 1209 1541 esse
1236 1502 1503 1541 Kuehnastius
1532 1514 1568 1552 p.
1600 1501 1674 1540 198
1703 1500 1887 1540 tredecim
1916 1499 2022 1548 (nam
2050 1499 2090 1538 in
2117 1500 2200 1538 loco
2220 1498 2289 1546 III,
2309 1499 2371 1545 64,
2397 1498 2444 1536 10
2472 1496 2587 1536 lectio

373 1573 522 1612 incerta
550 1572 627 1623 est)
657 1575 786 1613 allatis
814 1575 908 1613 locis
937 1574 1034 1613 Livii
1061 1576 1249 1626 probavit,
1270 1577 1409 1626 quibus
1429 1576 1518 1615 addi
1538 1577 1700 1626 possunt
1726 1574 1843 1613 etiam
1870 1574 1931 1613 hi:
1959 1573 2136 1620 XXXIV,
2158 1574 2217 1620 18,
2239 1573 2258 1610 1
2280 1571 2392 1622 (Cato
2414 1573 2586 1621 tempore

373 1647 529 1697 propior
557 1650 616 1687 est
644 1660 761 1697 quam
790 1649 855 1698 qui
892 1649 1007 1698 primi
1042 1650 1082 1686 in
1111 1650 1340 1700 Hispaniam
1383 1647 1606 1698 venerunt);
1657 1649 1798 1694 XXIX,
1842 1649 1903 1694 33,
1934 1649 1982 1685 10
2012 1648 2124 1696 (haec
2151 1647 2326 1697 paucitas
2353 1657 2485 1684 revera
2512 1644 2588 1682 fuit

372 1721 553 1772 praesidii
581 1723 823 1769 Masinissae,
854 1724 920 1763 illa
947 1724 1158 1763 multitudo
1193 1736 1310 1774 quam
1338 1737 1417 1763 non
1456 1736 1587 1763 secum
1626 1724 1790 1762 ducebat
1825 1722 2043 1768 Masinissa,
2080 1724 2235 1760 tantum
2272 1732 2316 1759 ex
2354 1719 2586 1769 cogitatione

369 1807 557 1847 suspensa
585 1795 947 1848 commemoratur);
975 1797 1099 1845 XXII,
1128 1798 1190 1845 22,
1221 1799 1289 1844 19;
1319 1798 1500 1845 XXVIII,
1523 1799 1581 1845 19,
1604 1798 1637 1845 7,
1667 1798 1733 1837 ubi
1766 1796 2104 1836 Weissenbornius
2137 1795 2183 1834 de
2203 1791 2586 1844 Carthaginiensibus

367 1867 451 1906 illis
477 1873 681 1923 propterea
710 1871 858 1911 dictum
887 1883 968 1911 esse
999 1872 1111 1911 docet
1139 1872 1242 1923 quod
1269 1872 1354 1912 loco
1382 1872 1607 1911 remotiores
1636 1873 1757 1911 erant.
1814 1870 1889 1910 Sed
1925 1872 2005 1910 tres
2043 1870 2192 1909 restant
2229 1868 2313 1916 loci,
2352 1867 2420 1908 ubi
2453 1878 2586 1908 revera

368 1942 432 1980 hic
458 1945 505 1983 de
533 1957 588 1991 eo,
617 1946 720 1995 quod
748 1947 788 1984 in
817 1946 1080 1984 enuntiatione
1118 1947 1315 1992 remotius,
1354 1945 1421 1982 ille
1458 1946 1504 1984 de
1542 1957 1585 1983 eo
1625 1946 1725 1994 quod
1761 1945 1917 1995 propius
1957 1946 2016 1982 est
2055 1955 2078 1981 a
2105 1944 2211 1981 Livio
2240 1946 2471 1992 usurpatum
2501 1944 2582 1980 est:

366 2018 437 2064 III,
468 2015 530 2063 72,
560 2020 603 2056 3:
632 2017 700 2056 hoc
726 2018 846 2056 socios
872 2018 1024 2063 audire,
1053 2018 1121 2056 hoc
1148 2018 1283 2056 hostes.
1314 2032 1388 2066 quo
1417 2031 1502 2055 cum
1530 2018 1657 2055 dolore
1684 2017 1762 2066 hos,
1789 2030 1863 2064 quo
1888 2017 2032 2065 qaudio
2060 2015 2159 2061 illos,
2188 2018 2254 2054 ubi
2281 2015 2348 2053 hoc
2375 2018 2423 2055 ad
2448 2018 2582 2062 socios,

366 2089 455 2129 illos
483 2094 615 2131 autem
644 2092 692 2131 ad
720 2090 846 2130 hostes
874 2095 1048 2143 spectat;
1086 2093 1226 2140 XXIV,
1256 2094 1318 2140 29,
1348 2094 1391 2139 3;
1427 2093 1568 2139 ΧΧΙΧ,
1604 2093 1664 2139 22,
1698 2093 1742 2130 2:
1772 2092 1991 2129 terrestrem
2018 2088 2271 2138 navalemque
2299 2089 2505 2128 exercitum
2532 2113 2582 2118 —

365 2162 434 2202 hos
470 2163 721 2211 decurrentia
757 2164 917 2204 classem
953 2165 998 2204 in
1026 2167 1150 2215 portu
1192 2164 1447 2204 simulacrum
1475 2189 1525 2194 -—-
1553 2164 1721 2203 edentem
1757 2163 1914 2203 navalis
1942 2176 2113 2215 ymynae,
2149 2164 2216 2203 ubi
2256 2160 2325 2202 hos
2359 2163 2494 2204 itidem
2533 2164 2581 2204 ad

364 2240 531 2291 priorem
559 2241 756 2280 notionem
783 2243 1004 2279 terrestrem
1030 2240 1241 2288 exercitum
1274 2242 1453 2293 pertinet.
1483 2264 1534 2269 ——
1561 2240 1766 2280 Praeterea
1802 2239 1868 2278 ille
1904 2251 2115 2292 pronomen
2150 2250 2421 2290 saepenumero
2459 2238 2506 2278 de
2533 2239 2580 2278 iis

363 2315 528 2365 ponitur,
567 2327 665 2365 quae
703 2318 916 2366 sequuntur
952 2318 991 2355 et
1028 2317 1245 2355 accuratius
1285 2316 1443 2355 demum
1482 2316 1730 2354 describenda
1767 2319 1869 2363 sunt,
1913 2316 1968 2355 sic
2004 2314 2149 2361 XXIH,
2191 2314 2226 2360 7,
2260 2314 2302 2359 33
2344 2313 2414 2361 ΠΙ,
2442 2314 2504 2361 20,
2533 2315 2578 2361 8;

363 2389 542 2437 XXXIV,
571 2390 635 2437 33,
667 2390 736 2436 143
765 2390 901 2437 XLIV,
930 2392 993 2438 33,
1023 2392 1069 2436 53
1098 2390 1217 2437 XLII,
1245 2391 1307 2438 41,
1336 2392 1383 2437 9;
1412 2390 1529 2441 praef.
1559 2391 1604 2436 93
1642 2390 1749 2437 VIII,
1778 2391 1839 2438 18,
1869 2392 1913 2437 2;
1947 2390 2072 2437 XXII,
2102 2390 2164 2435 36,
2194 2390 2236 2433 5;
2273 2388 2302 2435 Ι,
2330 2389 2391 2435 23,
2420 2389 2443 2426 8
2477 2389 2579 2428 mul-

361 2463 487 2513 tisque
517 2464 602 2504 aliis
629 2464 733 2503 locis.

467 2538 524 2576 De
545 2536 780 2585 pronomine
807 2536 970 2575 relativo
999 2524 1209 2589 disputatio
1237 2539 1277 2576 in
1306 2550 1372 2577 sex
1398 2539 1529 2588 partes
1557 2538 1761 2578 dividenda
1789 2541 1867 2578 est:

467 2610 506 2661 a)
536 2612 777 2661 Significatio
806 2612 1043 2662 pronominis
1070 2613 1233 2651 relativi.

542 2682 582 2733 1)
611 2684 829 2724 Pronomen
857 2685 1060 2724 relativum
1087 2685 1128 2724 in
1154 2686 1378 2725 universum
1405 2685 1590 2724 describit
1627 2688 1665 2725 et
1692 2687 1847 2738 exponit
1882 2687 1923 2725 in
1958 2685 2220 2724 enuntiatione
2259 2684 2484 2724 secundaria
2510 2697 2579 2725 no-

525 2746 527 2748 ·
617 2760 764 2799 tionem
792 2760 1022 2799 accuratius.

540 2830 581 2883 2)
611 2832 814 2872 consilium
842 2832 1032 2884 exprimit.

540 2903 582 2956 3)
612 2917 770 2945 causam
798 2907 1004 2956 significat.

463 2977 507 3029 b)
538 2979 668 3019 Genus
695 2981 931 3031 pronominis
958 2981 1120 3020 relativi.
1175 2981 1252 3020 Hic
1278 2982 1450 3032 primum
1469 2983 1701 3022 constructio
1731 2981 1831 3020 κατὰ
1862 2978 2024 3021 σύνεσιν
2052 2982 2329 3023 consideranda
2347 2985 2406 3023 est
2425 2981 2577 3035 (XLIV,

356 3054 420 3101 42,
451 3053 498 3100 7;
528 3054 669 3103 XLIII,
701 3056 734 3102 7,
764 3053 843 3106 10).
898 3055 1047 3095 Deinde
1075 3060 1196 3106 gen'us
1219 3058 1413 3104 neutrum,
1441 3056 1543 3106 quod
1572 3057 1747 3096 similiter
1773 3060 1890 3107 atque
1909 3058 2146 3109 pronominis
2173 3056 2209 3094 is
2237 3069 2349 3109 saepe
2368 3061 2579 3110 usurpatur

358 3129 427 3168 aut
455 3127 659 3169 collectiva
686 3131 756 3169 aut
783 3130 954 3180 generali
982 3132 1022 3169 et
1050 3130 1249 3170 abstracta
1276 3131 1435 3178 ratione,
1473 3131 1512 3169 et
1546 3131 1587 3170 in
1623 3131 1809 3182 singulari
1843 3134 1882 3172 et
1917 3133 1958 3172 in
1993 3132 2134 3184 plurali
2172 3144 2347 3172 numero.
2401 3132 2579 3173 Comme-
