2761 3481
1318 274 1368 311 27

232 409 307 446 aut
332 419 557 460 praegressa
584 408 788 459 negatione
816 408 877 447 vel
905 408 1167 460 comparativo
1195 410 1377 462 positum.
1439 409 1482 459 h)
1511 408 1739 450 Coniunctio
1766 409 1812 447 ut
1836 409 1897 449 vel
1934 419 2147 462 pronomen
2177 407 2382 449 relativum
2409 407 2443 449 si

233 484 377 521 iterum
403 483 581 533 ponenda
607 484 699 520 sunt
726 494 815 520 cum
842 483 963 520 altero
989 484 1072 529 aut,
1100 485 1258 522 mutant
1283 495 1560 533 nonnunquam
1587 484 1725 521 locum.
1780 483 1810 531 i)
1837 484 1911 519 aut
1936 484 2045 520 certe.

349 553 416 594 Vel
442 555 661 595 coniunctio
689 555 878 604 quomodo
908 555 1059 594 differat
1086 556 1134 594 ab
1161 557 1244 601 aut,
1272 557 1357 595 vide
1385 557 1511 595 Hand.
1539 557 1569 603 Ι,
1597 569 1632 606 p.
1660 557 1736 595 527
1764 568 1847 606 sqq.
1904 557 1942 603 a)
1970 557 2131 607 simplex
2158 554 2218 593 vel
2245 556 2442 606 significa-

234 629 340 670 tione
367 629 606 669 disiunctiva.
653 628 693 676 b)
712 628 843 678 Longe
861 629 1038 679 plurimis
1059 629 1155 668 locis
1174 629 1335 680 simplex
1353 628 1411 667 vel
1430 630 1532 680 apud
1551 629 1701 668 Livium
1722 629 2041 679 significationem
2059 630 2177 669 habet
2195 629 2441 669 intensivum.

234 699 273 751 c)
299 700 359 738 vel
387 722 437 728 —
464 699 534 738 vel.
589 701 628 749 d)
655 699 714 738 vel
741 722 791 728 —
818 699 877 738 vel
905 702 1197 740 collocationem
1223 714 1501 751 nonnunquam
1527 703 1645 741 habet
1672 703 1931 742 declinantem
1958 713 1982 740 a
2007 702 2150 751 regula.
2439 742 2443 746 ,

338 785 393 819 ve,
422 774 523 824 quod
551 785 620 824 pro
647 772 706 811 vel
733 774 873 812 dicitur
899 775 1046 813 minore
1074 785 1164 813 cum
1191 775 1238 821 vi,
1265 787 1344 814 non
1371 776 1476 826 ipsas
1504 786 1565 814 res
1592 776 1759 815 diversas
1790 776 1961 826 opponit,
1991 775 2058 813 sed
2085 775 2134 813 ad
2162 774 2441 825 cogitationem

234 849 419 898 provocat
457 849 497 886 et
533 847 674 886 iudicio
710 848 906 898 optionem
943 847 1049 894 facit,
1090 848 1223 886 utrum
1264 849 1336 888 hoc
1378 861 1428 888 an
1471 849 1566 887 illud
1605 850 1838 899 accipiamus
1872 849 1941 896 (sic
1968 848 2144 887 Handius
2171 848 2238 895 IV,
2266 860 2303 898 p.
2335 847 2439 895 173).

234 920 523 970 Nonnunquam
550 922 609 959 est
637 921 872 970 corrigentis,
902 920 949 960 cf.
978 921 1262 960 Alschefskium
1291 922 1339 960 ad
1367 922 1484 973 praef.
1514 922 1559 960 6:
1599 922 1810 972 „particula
1838 933 1880 959 τε
1907 921 2117 961 utebantur
2153 921 2372 972 scriptores,
2408 920 2442 960 si

235 994 328 1043 quid
355 994 483 1032 minus
511 995 615 1032 recte
644 994 792 1033 dictum
820 994 1044 1033 videretur“.
1098 994 1300 1033 Interdum
1330 1007 1419 1033 cum
1445 996 1517 1031 aut
1544 996 1791 1034 coniunctum
1819 997 1889 1034 est.

341 1066 569 1107 Coniunctio
607 1069 770 1107 causalis
798 1080 964 1116 namque
1000 1068 1037 1116 a)
1074 1069 1122 1107 ab
1161 1070 1271 1108 initio
1315 1070 1531 1108 sententiae
1568 1072 1731 1120 ponitur.
1786 1071 1826 1117 b)
1864 1070 1987 1109 multo
2027 1070 2268 1120 frequentius
2307 1070 2441 1107 autem

235 1141 403 1181 secundo
432 1142 515 1181 loco
545 1141 829 1181 enuntiationis.

341 1212 637 1254 Coniunctiones
674 1214 925 1254 conclusivae.
981 1213 1121 1263 Itaque
1150 1214 1187 1263 a)
1227 1217 1294 1254 aut
1332 1215 1380 1255 ab
1423 1215 1531 1255 initio
1569 1216 1723 1268 ponitur
1759 1216 2045 1256 enuntiationis.
2100 1216 2139 1260 b)
2168 1216 2237 1256 aut
2271 1213 2440 1255 secundo

234 1289 295 1325 vel
321 1289 435 1325 tertio
464 1289 559 1325 loco.
616 1288 651 1333 c)
674 1287 806 1334 itaque
833 1299 931 1336 erqo.

340 1371 447 1419 Eryo
476 1383 548 1409 sec.
576 1372 773 1409 Handium
801 1373 849 1418 II,
878 1385 914 1421 p.
944 1373 1017 1409 441
1049 1371 1088 1421 a)
1118 1384 1272 1410 causam
1303 1373 1449 1411 indicat
1479 1385 1553 1422 qua
1581 1374 1670 1421 quid
1702 1373 1879 1411 efficitur.
1926 1373 2033 1411 Haec
2063 1376 2123 1411 est
2148 1373 2346 1423 primitiva
2374 1372 2440 1409 illa

235 1444 369 1491 forma,
398 1455 495 1493 quae
524 1445 758 1483 substantivi
784 1446 908 1484 instar
936 1457 1025 1483 cum
1054 1447 1228 1494 genetivo
1257 1447 1514 1495 coniungitur.
1580 1447 1618 1493 b)
1646 1447 1751 1484 Haec
1787 1458 1874 1484 vero
1912 1457 2050 1484 causae
2089 1445 2293 1484 efficientis
2330 1445 2440 1483 notio

235 1520 355 1559 etiam
384 1518 653 1558 adverbialiter
681 1519 913 1569 exprimitur.
969 1519 1004 1566 0)
1033 1519 1091 1558 De
1117 1518 1250 1567 itaque
1278 1531 1365 1567 erqo
1393 1520 1479 1558 vide
1506 1521 1545 1558 in
1574 1532 1606 1557 v.
1636 1519 1775 1566 itaque.

341 1601 473 1651 Iyitur
500 1601 538 1651 a)
566 1603 735 1653 primum
762 1604 891 1642 locum
919 1605 1025 1642 tenet
1053 1605 1341 1642 enuntiationis.
1397 1605 1437 1651 b)
1466 1607 1553 1654 post
1580 1605 1653 1642 alia
1681 1605 1865 1642 vocabula
1893 1605 2057 1654 ponitur.

340 1688 448 1727 Haec
475 1688 664 1727 hactenus
693 1688 738 1726 de
767 1688 813 1727 iis
851 1689 1194 1734 coniunctionibus,
1237 1701 1333 1737 quae
1372 1689 1411 1727 in
1450 1690 1775 1727 enuntiationibus
1813 1689 2004 1739 primariis
2038 1691 2245 1738 ponuntur.
2301 1689 2441 1727 Restat

236 1762 280 1801 ut
307 1761 354 1800 de
382 1761 577 1800 nonnullis
605 1773 737 1800 earum
765 1761 926 1808 dicatur,
957 1773 1053 1811 quae
1082 1763 1131 1801 ad
1157 1763 1377 1801 formandas
1406 1763 1648 1801 secundarias
1675 1764 1918 1813 usurpantur.

344 1842 441 1881 Cum
470 1844 507 1891 a)
536 1845 582 1883 de
610 1847 783 1895 tempore
813 1846 963 1884 dicitur.
1019 1845 1061 1893 b)
1092 1857 1176 1882 cum
1196 1846 1384 1893 primum.
1448 1845 1485 1896 0)
1516 1858 1599 1883 cum.
1633 1845 1799 1882 intersim.
1864 1845 1902 1891 d)
1931 1856 2013 1881 cum
2043 1844 2222 1882 maa-ime.
2277 1845 2312 1892 e)
2340 1845 2441 1884 Loco

234 1920 373 1966 XXVI,
394 1921 456 1965 22,
479 1920 498 1956 1
521 1919 736 1967 syntactica
764 1918 920 1966 quidem
947 1920 1094 1957 ratione
1123 1921 1258 1958 ambae
1290 1922 1463 1969 protases
1493 1917 1535 1956 ἐκ
1566 1915 1826 1969 παραλλήλου
1855 1919 2003 1968 positae
2023 1920 2126 1962 sunt,
2147 1918 2212 1956 sed
2230 1919 2441 1967 posteriore

236 1995 391 2035 tantum
419 2005 535 2033 causa
564 2004 696 2032 eorum
725 2003 903 2042 expressa
939 1994 1007 2039 est,
1047 2005 1144 2042 quae
1173 1996 1400 2042 sequuntur.
1457 1993 1488 2040 f)
1516 2005 1600 2030 cum
1634 1994 1893 2032 concessivum
1928 1993 2023 2040 (sive
2060 1974 2315 2030 correctivum
2351 2005 2466 2031 cum-

235 2067 548 2107 Weissenbornio
577 2066 616 2104 id
644 2065 768 2104 dicere
797 2064 934 2112 mavis)
963 2066 1022 2104 est
1049 2065 1097 2112 ΙΙ,
1126 2066 1187 2113 47,
1218 2067 1277 2104 11.
1333 2065 1372 2115 g)
1401 2077 1486 2103 eum
1515 2067 1651 2102 tamen.
1705 2066 1744 2113 h)
1772 2065 1910 2112 XXIV,
1942 2065 2001 2111 15,
2024 2065 2045 2103 7
2076 2065 2210 2114 exiguo
2238 2065 2441 2105 intervallo

238 2142 336 2180 duae
365 2141 545 2190 deinceps
575 2139 859 2178 enuntiationes
887 2140 1034 2189 positae
1073 2141 1164 2178 sunt
1201 2151 1269 2190 per
1296 2150 1384 2176 cum-
1414 2139 1610 2185 formatae,
1648 2151 1742 2189 quas
1779 2139 1913 2178 deinde
1941 2138 2144 2188 utrobique
2178 2138 2218 2177 id
2258 2140 2441 2189 sequitur,

239 2215 340 2265 quod
368 2214 515 2264 protasi
543 2213 724 2252 effectum
752 2214 821 2250 est.
878 2213 984 2259 VIII,
1014 2214 1074 2259 33,
1105 2214 1206 2250 1—2
1237 2216 1276 2251 et
1305 2212 1325 2261 ξ
1355 2215 1460 2251 3-4
1488 2213 1585 2251 duae
1614 2213 1757 2262 periodi
1793 2212 1942 2261 aequali
1969 2212 2083 2250 modo
2123 2211 2312 2250 formatae
2350 2214 2443 2251 sunt-

237 2300 306 2340 per
333 2298 416 2325 cum
445 2308 494 2314 —-
524 2287 560 2324 et
589 2308 636 2313 —
666 2296 761 2324 eum.
816 2286 997 2334 XXVIII,
1037 2287 1098 2334 40,
1135 2288 1158 2326 2
1188 2289 1276 2337 post
1314 2287 1473 2337 longum
1511 2287 1708 2326 verborum
1744 2286 1988 2325 intervallum
2022 2286 2232 2336 repetitum
2273 2288 2354 2331 est;
2397 2286 2443 2333 V,

238 2364 299 2410 35,
328 2362 353 2400 4
380 2372 448 2413 per
475 2361 713 2411 anaphoram
740 2360 813 2399 hoc
841 2360 988 2400 factum
1017 2362 1087 2400 est.
1145 2360 1265 2411 Saepe
1296 2360 1365 2399 uni
1394 2360 1590 2410 eidemque
1624 2360 1775 2410 periodo
1813 2359 1910 2399 duae
1948 2359 2235 2399 enuntiationes
2262 2372 2331 2411 per
2358 2370 2445 2397 oum

237 2436 425 2474 formatae
453 2435 623 2472 insertae
653 2435 755 2480 sunt,
784 2444 1063 2485 nonnunquam
1089 2434 1156 2482 ita,
1185 2435 1229 2472 ut
1257 2433 1444 2485 particula
1478 2433 1518 2472 in
1546 2436 1706 2484 utroque
1734 2432 1903 2472 membro
1931 2432 2047 2472 aliam
2074 2431 2217 2472 habeat
2246 2432 2443 2483 significa-

237 2510 392 2547 tionem.
448 2508 476 2554 i)
506 2518 591 2544 eum
618 2508 722 2545 haud
749 2519 835 2545 raro
864 2520 886 2546 a
914 2509 1019 2546 Livio
1048 2509 1180 2558 procul
1208 2509 1256 2545 ab
1284 2509 1393 2545 initio
1425 2508 1694 2545 enuntiationis
1722 2507 1885 2556 ponitur.

343 2590 453 2629 Dum
480 2593 702 2630 encliticum
730 2593 844 2630 variis
883 2594 1088 2638 vocabulis,
1125 2593 1164 2630 in
1200 2593 1333 2642 primis
1373 2592 1604 2640 negantibus
1639 2593 1677 2628 et
1714 2590 1946 2639 imperativis
1985 2590 2216 2637 adnectitur,
2258 2590 2444 2637 nondum,

237 2664 409 2710 necdum,
437 2664 590 2710 nedum,
618 2664 720 2703 nihil
748 2664 851 2711 dum,
880 2664 1016 2703 nullus
1042 2665 1145 2711 dum,
1173 2664 1346 2714 ayedum,
1375 2664 1478 2714 ayite
1505 2664 1606 2702 dum.

345 2749 574 2789 Coniunctio
603 2751 767 2789 causalis
795 2749 901 2799 quia.
957 2750 993 2797 a)
1022 2750 1261 2798 significatio.
1315 2748 1356 2798 b)
1386 2749 1505 2800 Saepe
1533 2750 1572 2787 in
1602 2761 1678 2786 una
1716 2748 1921 2796 eademque
1956 2748 2220 2787 enuntiatione
2259 2751 2443 2789 coniunc-

238 2824 364 2865 tiones
391 2821 487 2871 quia
515 2824 554 2861 et
581 2823 684 2871 quod
709 2824 937 2863 coniunctae
966 2825 1069 2862 sunt.

345 2907 644 2947 Coniunctiones
682 2909 973 2948 condicionales.
1038 2905 1084 2944 Si
1122 2907 1159 2955 a)
1195 2908 1351 2957 ponitur
1387 2907 1426 2945 in
1470 2906 1695 2956 sumptione.
1751 2903 1793 2953 b)
1821 2903 1856 2940 si
1883 2904 1975 2941 iam.
2037 2906 2073 2953 c)
2101 2904 2206 2944 velut
2240 2906 2287 2944 si.
2342 2907 2382 2954 d)
2411 2906 2447 2944 si

239 2993 308 3033 per
334 2981 574 3032 anaphoram
600 2993 877 3032 nonnunquam
906 2981 1103 3032 repetitur.
1157 2980 1317 3027 XXXII,
1350 2982 1410 3026 20,
1440 2981 1462 3018 2
1499 2978 1535 3015 si
1574 2980 1728 3029 propter
1764 2978 1916 3027 longius
1953 2978 2200 3019 intervallum
2235 2981 2446 3031 repetitum

240 3056 310 3096 est.
365 3054 463 3094 Aliis
503 3054 597 3094 locis
635 3054 799 3095 duarum
833 3053 1143 3095 enuntiationum
1183 3054 1503 3094 condicionalium
1539 3064 1615 3092 una
1653 3051 1765 3092 alteri
1801 3052 1975 3093 subiecta
2012 3053 2082 3093 est.
2138 3053 2173 3102 e)
2207 3052 2243 3091 si
2279 3066 2393 3105 saepe
2421 3066 2444 3094 a

239 3129 346 3168 Livio
374 3131 583 3180 usurpatur
611 3130 753 3168 omissa
779 3130 969 3180 particula
996 3128 1248 3175 adversativa,
1277 3130 1322 3167 ut
1348 3129 1450 3167 idem
1479 3128 1531 3166 sit
1559 3126 1660 3176 quod
1687 3125 1760 3163 sin.
1816 3125 1849 3176 f)
1876 3125 1912 3163 si
1938 3141 1993 3159 =
2020 3127 2103 3174 etsi,
2131 3128 2294 3168 etiamsi.
2341 3127 2381 3178 g)
2409 3126 2445 3165 si
