2761 3481
412 903 500 971 De
544 906 719 970 recta
764 922 999 981 eorum,
1046 922 1205 984 quae
1251 901 1329 970 ad
1374 901 1679 986 syntaxin
1727 900 1893 970 Livii
1937 901 2279 986 pertinent,

573 1007 1150 1094 dispertiendorum
1196 1011 1259 1077 et
1304 1006 1807 1077 ordinandorum
1852 1006 2119 1077 ratione.

351 1257 458 1295 Nihil
484 1257 667 1294 interesse
696 1257 735 1293 et
761 1267 842 1293 rem
869 1256 1012 1293 nullius
1040 1254 1228 1292 momenti
1256 1265 1349 1300 esse,
1378 1254 1569 1303 quomodo
1598 1265 1653 1300 ea,
1683 1265 1781 1303 quae
1801 1254 1997 1304 pertinent
2023 1254 2072 1292 ad
2100 1255 2280 1304 syntaxin
2307 1254 2451 1293 descri-

247 1331 427 1376 bendam,
456 1330 731 1380 dispertiantur
765 1331 804 1368 et
833 1329 1073 1375 ordinentur,
1109 1339 1244 1374 nemo,
1283 1328 1438 1378 opinor,
1474 1328 1566 1375 erit,
1604 1328 1669 1378 qui
1704 1328 1935 1367 contendere
1965 1328 2064 1367 velit.
2118 1327 2293 1368 Fuerunt
2319 1330 2453 1368 autem

246 1404 499 1455 grammatici,
528 1404 593 1454 qui
619 1403 876 1442 recentiorum
905 1402 1145 1453 quorundam
1172 1402 1407 1441 nostratium
1434 1402 1590 1441 inventa
1617 1414 1693 1441 non
1723 1405 1901 1442 curantes
1929 1414 2022 1442 num
2049 1414 2139 1442 vera
2165 1405 2269 1443 esset
2295 1403 2452 1443 illorum

246 1478 431 1524 doctrina,
461 1477 509 1516 ad
538 1478 716 1526 antiquas
745 1488 895 1526 quoque
924 1476 1096 1526 linguas,
1125 1487 1302 1525 graecam
1331 1476 1414 1515 dico
1443 1476 1482 1514 et
1509 1476 1689 1522 latinam,
1719 1487 1807 1514 cum
1835 1487 1976 1525 magno
2003 1477 2098 1516 recti
2125 1475 2268 1516 ordinis
2297 1477 2336 1516 et
2362 1488 2451 1529 per-

245 1552 460 1604 spicuitatis
503 1551 731 1590 detrimento
774 1551 1037 1590 transferrent.
1111 1550 1332 1590 Extiterunt
1376 1550 1479 1589 enim
1516 1550 1617 1590 inter
1655 1549 1866 1590 Germanos
1908 1551 1984 1591 duo
2024 1551 2110 1599 viri,
2146 1550 2371 1603 Herlingius
2412 1552 2452 1592 et

245 1627 285 1667 O.
317 1627 427 1667 Ferd.
458 1626 670 1672 Beckerus,
712 1626 778 1676 qui
806 1638 945 1665 novam
983 1638 1138 1676 prorsus
1179 1625 1489 1664 enuntiationum
1518 1625 1847 1673 secundariarum,
1876 1638 1973 1677 quae
2001 1626 2200 1673 dicuntur,
2234 1626 2450 1667 doctrinam

244 1703 564 1752 excogitaverunt,
592 1701 803 1740 dividentes
831 1701 917 1739 illas
945 1701 985 1739 in
1012 1702 1090 1740 tres
1118 1702 1257 1751 partes,
1287 1700 1560 1747 substantivas,
1588 1700 1807 1748 adiectivas,
1833 1701 2078 1749 adverbiales,
2111 1713 2231 1753 eaque
2266 1702 2307 1741 in
2334 1714 2451 1754 expo-

244 1777 370 1816 nenda
398 1776 549 1828 syntaxi
571 1776 790 1825 germanica
817 1775 878 1814 usi
906 1777 1007 1814 sunt.
1062 1775 1221 1814 Beckeri
1248 1777 1379 1814 autem
1407 1776 1491 1814 tota
1518 1775 1616 1814 ratio
1646 1787 1735 1814 cum
1761 1776 1930 1815 refutata
1958 1778 1996 1816 et
2023 1777 2177 1828 explosa
2203 1776 2256 1816 sit
2281 1788 2305 1816 a
2323 1775 2451 1817 Stein-

244 1852 363 1891 thalio
391 1852 431 1890 in
462 1851 582 1898 libro,
617 1861 732 1901 quem
759 1850 822 1888 ille
843 1850 1005 1900 ‘scripsit
1034 1849 1079 1888 de
1108 1850 1302 1900 principiis
1336 1850 1614 1899 grammaticae
1653 1850 1801 1898 logicae
1828 1851 2116 1901 psychologiae‚
2153 1851 2345 1901 Herlingii
2372 1851 2451 1892 dis-

243 1925 495 1964 tributionem
523 1927 562 1964 et
590 1925 746 1963 nomina
772 1924 850 1962 iam
877 1924 1024 1974 pridem
1051 1924 1293 1974 impugnavit
1311 1923 1485 1962 Etzlerus
1512 1924 1552 1962 in
1581 1923 1911 1974 disquisitionibus
1938 1925 2200 1975 grammaticis
2223 1937 2259 1976 p.
2280 1925 2450 1966 68-80.

243 1999 294 2038 Et
320 1999 491 2050 profecto
523 2011 639 2049 quam
674 1999 784 2037 nihili
817 1998 894 2037 sint
930 1999 1025 2036 haec
1057 1998 1231 2045 nomina,
1270 2009 1387 2048 quam
1424 2009 1502 2037 non
1541 1999 1832 2038 accommodata
1864 1999 1912 2038 ad
1946 1999 2234 2039 describendam
2270 2000 2453 2051 syntaxin

243 2073 465 2123 linguarum
494 2074 762 2123 antiquarum,
801 2073 943 2123 optime
971 2072 1134 2129 perspici
1167 2073 1297 2123 potest
1332 2084 1377 2111 ex
1404 2073 1602 2111 Kuehneri
1631 2084 1792 2122 gramm.
1826 2074 1893 2113 lat.
1920 2073 1971 2120 II,
2000 2086 2035 2124 p.
2065 2074 2152 2121 767,
2182 2074 2248 2124 qui
2276 2074 2454 2114 enuntia-

244 2148 409 2187 tionem:
450 2149 507 2187 sol
535 2147 665 2195 efficit,
693 2149 738 2186 ut
766 2149 919 2187 arbores
948 2147 1119 2193 floreant,
1150 2147 1199 2186 ad
1227 2147 1504 2194 substantivas,
1532 2147 1640 2186 illam
1669 2149 1819 2187 autem:
1857 2148 1967 2187 edere
1996 2150 2157 2198 oportet,
2183 2150 2229 2187 ut
2255 2149 2375 2196 vivas,
2403 2149 2453 2189 ad

245 2222 480 2262 adverbiales
508 2222 635 2270 refert,
665 2223 772 2261 cuius
801 2222 1059 2261 distractionis
1088 2224 1218 2261 tamen
1246 2221 1449 2260 immemor
1468 2222 1636 2260 alterum
1664 2234 1786 2272 genus
1815 2223 2091 2262 coniunctionis
2118 2223 2174 2268 ut,
2203 2223 2308 2274 quod
2334 2235 2453 2275 posu-

245 2298 337 2343 erat,
364 2308 451 2344 non,
479 2297 802 2347 quemadmodum
830 2297 1006 2343 debebat,
1034 2296 1135 2335 inter
1162 2296 1408 2343 adverbiales,
1438 2296 1505 2335 sed
1528 2308 1564 2347 p.
1586 2297 1661 2336 819
1691 2297 1824 2335 statim
1842 2299 1928 2347 post
1955 2297 2059 2347 prius
2086 2308 2209 2346 genus
2235 2298 2337 2338 inter
2364 2300 2455 2339 sub-

245 2371 432 2410 stantivas
460 2372 742 2410 enuntiationes
770 2373 953 2410 recenset.
1007 2370 1135 2409 Etiam
1161 2370 1379 2420 Draegerus
1417 2371 1457 2408 in
1491 2371 1642 2421 syntaxi
1673 2371 1855 2410 historica
1882 2371 2033 2420 linguae
2061 2371 2204 2411 latinae
2231 2374 2454 2414 nominibus

244 2443 321 2483 illis
348 2457 426 2484 non
448 2445 647 2485 abstinuit.
1957 2492 1960 2496 ι

349 2518 593 2566 Kuehnastii‚
633 2519 681 2558 ad
711 2530 825 2569 quem
859 2530 962 2557 nunc
998 2530 1060 2557 me
1098 2520 1290 2565 converto,
1325 2518 1366 2556 in
1394 2518 1670 2558 conscribenda
1706 2518 1858 2569 syntaxi
1892 2518 2049 2558 Liviana
2075 2530 2154 2559 non
2181 2519 2222 2559 id
2251 2522 2336 2560 erat
2362 2533 2454 2561 con-

234 2592 384 2639 silium,
412 2595 456 2632 ut
483 2595 609 2633 solum
636 2593 786 2632 Livium
813 2593 1009 2638 tractaret,
1039 2592 1105 2631 sed
1132 2593 1177 2630 ut
1209 2592 1250 2630 in
1294 2593 1472 2632 omnibus
1514 2594 1608 2632 locis
1651 2593 1874 2643 syntacticis
1915 2593 1997 2632 eius
2028 2593 2182 2633 dicendi
2210 2606 2335 2645 genus
2362 2608 2454 2637 cum

246 2666 409 2706 aliorum
442 2668 675 2719 scriptorum
712 2668 962 2717 compararet,
1004 2678 1078 2716 quo
1106 2666 1255 2705 factum
1282 2668 1352 2714 est,
1386 2669 1443 2714 ut,
1481 2680 1570 2707 cum
1606 2668 1748 2706 multas
1786 2667 1903 2706 etiam
1942 2669 2194 2719 parentheses
2226 2670 2455 2721 expositioni

246 2751 338 2780 suae
365 2740 580 2790 inseruerit,
610 2753 723 2793 saepe
752 2753 849 2792 quae
878 2741 1066 2781 sermonis
1086 2740 1235 2780 Liviani
1254 2742 1410 2792 propria
1437 2741 1525 2789 sint,
1544 2753 1621 2781 non
1640 2753 1715 2780 uno
1743 2741 1942 2781 oculorum
1961 2742 2101 2783 obtutu
2127 2743 2294 2795 perspici
2320 2745 2453 2796 possit.

245 2813 291 2853 In
319 2813 580 2856 describendis
608 2816 771 2866 singulis
800 2816 989 2867 capitibus
1019 2815 1194 2866 syntaxis
1221 2815 1420 2855 meliorem
1440 2816 1612 2855 ordinem
1631 2817 1786 2855 secutus
1806 2817 1865 2855 est
1884 2828 2003 2867 quam
2030 2817 2106 2865 alii,
2134 2821 2294 2870 excepto
2321 2821 2453 2860 tamen

246 2888 371 2938 capite
398 2889 542 2939 primo,
579 2890 681 2940 quod
720 2890 989 2941 complectitur
1025 2889 1206 2939 syntaxin
1242 2889 1534 2928 concordantiae
1574 2890 1614 2927 et
1650 2889 1744 2936 alia,
1788 2901 1887 2940 quae
1925 2891 2008 2930 eius
2036 2893 2130 2931 sunt
2156 2891 2302 2941 affinia,
2341 2893 2450 2934 cuius

246 2961 384 3012 capitis
410 2962 583 3012 singulas
611 2966 740 3015 partes
766 2976 869 3003 nunc
896 2963 1010 3015 paulo
1038 2963 1255 3002 accuratius
1283 2964 1517 3014 perlustrare
1544 2963 1681 3014 placet.
1735 2963 1913 3004 Primum
1941 2977 2031 3005 eum
2048 2977 2165 3006 usum
2184 2967 2349 3018 exponit,
2376 2979 2452 3018 quo

246 3034 433 3076 adiectiva
459 3047 529 3088 pro
557 3038 811 3080 substantivis
838 3040 1077 3091 usurpantur
1104 3036 1157 3091 (p.
1186 3036 1369 3089 45—47),
1407 3038 1468 3078 cui
1495 3037 1583 3078 usui
1610 3037 1739 3079 adnot.
1768 3039 1821 3079 24
1848 3040 1961 3092 quasi
1987 3040 2221 3094 praeteriens
2249 3040 2455 3083 admiscuit

2268 3116 2283 3146 1
