2882 3593
1511 258 1535 296 2

419 405 534 434 usum
561 395 762 433 nominum
789 395 1019 445 populorum
1048 396 1290 435 collectivum
1318 397 1358 435 et
1385 409 1420 447 p.
1443 397 1494 435 46
1517 407 1616 442 eum,
1646 406 1721 445 quo
1744 406 1883 434 nomen
1912 396 2044 446 populi
2069 408 2139 448 pro
2168 397 2263 437 duce
2291 398 2509 448 usurpatur.
2526 410 2563 449 p.
2580 397 2630 437 47

419 469 530 510 affert
557 481 645 521 gen.
671 469 900 519 partitivum
927 468 996 519 qui
1024 470 1202 518 patrum,
1231 469 1300 519 qui
1326 470 1576 520 captivorum.
1633 470 1844 521 Postquam
1872 469 2009 511 deinde
2048 472 2095 512 ad
2132 484 2247 512 usum
2275 472 2511 512 contrarium
2538 472 2631 512 sub-

418 544 676 583 stantivorum
704 555 772 594 pro
814 544 1009 583 adiectivis
1044 544 1199 584 transiit
1227 545 1277 595 (p.
1306 546 1355 585 47
1386 544 1456 595 sq.)
1484 544 1689 584 revertitur
1722 556 1758 595 p.
1787 544 1838 582 48
1873 544 1921 583 ad
1963 546 2100 585 neutra
2139 546 2414 586 adiectivorum
2441 557 2510 597 pro
2539 546 2631 585 sub-

418 616 595 657 stantivis
632 617 759 668 posita
791 629 912 668 usque
950 618 998 657 ad
1027 630 1063 669 p.
1094 619 1154 657 52.
1216 619 1363 658 Deinde
1393 620 1668 659 commemorat
1701 630 1815 657 usum
1852 619 2156 669 praedicativum
2190 622 2229 659 et
2262 620 2532 660 attributivum
2566 619 2632 660 ad-

417 691 637 730 verbiorum
665 694 705 730 et
741 692 1071 742 praepositionum
1114 704 1202 731 cum
1246 694 1366 732 subst.
1395 694 1700 738 coniunctarum,
1743 705 1779 743 p.
1816 693 1982 730 52-56.
2040 693 2225 743 Sequitur
2259 694 2394 733 deinde
2432 706 2525 733 usus
2561 694 2630 732 ad-

416 765 643 805 iectivorum
675 778 745 817 pro
788 766 978 805 adverbiis
1015 779 1051 817 p.
1081 767 1130 805 56
1160 780 1229 817 sq.,
1268 768 1330 806 cui
1364 768 1537 807 additum
1573 770 1632 807 est
1664 765 1771 804 alius
1809 767 2090 816 significatione
2127 763 2150 805 ὁ
2188 762 2325 813 ἄλλος.
2387 768 2488 807 Τ11111
2514 782 2551 820 p.
2580 770 2630 808 58

416 840 499 890 agit
527 840 573 879 de
603 839 858 892 appositione,
892 841 1023 880 addito
1051 840 1215 890 quisque
1241 858 1295 874 z:
1324 845 1482 893 uterque
1511 844 1549 881 et
1584 853 1658 881 usu
1693 841 1965 892 pronominum
2003 841 2391 882 demonstrativorum
2427 855 2496 894 pro
2531 843 2630 883 rela-

416 914 516 954 tivis.
545 927 582 965 p.
612 915 662 954 59
698 926 772 963 quo
798 930 852 947 =
879 915 927 954 ad
965 915 1089 965 quod;
1135 914 1224 953 inde
1250 932 1304 948 Ξ
1331 917 1378 956 ab
1407 917 1464 955 iis.
1520 916 1712 955 Attractio
1754 915 1967 966 praedicati
2003 928 2038 966 p.
2076 917 2126 956 59
2155 928 2221 966 sq„
2257 929 2295 967 p.
2331 917 2380 955 66
2416 916 2629 967 asyndeton

417 989 705 1028 attributorum.
734 990 783 1028 ib.
813 990 1050 1028 constructio
1080 990 1129 1028 ad
1157 1001 1326 1037 sensum,
1356 993 1401 1029 ut
1428 990 1628 1028 collectiva
1657 1001 1745 1028 cum
1765 990 1863 1040 plur.
1883 991 1922 1027 et
1951 989 2047 1039 sing.
2072 990 2177 1028 verbi
2197 990 2402 1029 coniuncta
2422 989 2490 1039 (—
2501 1003 2537 1042 p.
2550 990 2628 1041 63).

416 1076 452 1113 p.
483 1064 533 1101 63
572 1064 814 1102 substantiva
850 1064 1028 1102 concreta
1070 1064 1350 1113 significatione
1391 1065 1588 1103 collectiva
1631 1065 1825 1113 usurpata,
1868 1063 1963 1101 item
1997 1075 2031 1113 p.
2061 1064 2113 1101 64
2147 1064 2354 1103 abstracta.
2391 1065 2441 1103 ib.
2471 1065 2629 1115 pluralis

416 1137 619 1176 nominum
647 1138 889 1188 propriorum
923 1139 963 1176 et
991 1138 1277 1177 abstractorum
1306 1138 1372 1187 (——
1402 1151 1436 1189 p.
1465 1138 1542 1187 67).
1574 1159 1624 1164 —
1653 1151 1688 1188 p.
1717 1138 1766 1176 67
1805 1137 2012 1176 revertitur
2048 1137 2185 1176 deinde
2224 1138 2274 1177 ad
2302 1140 2629 1178 constructionem

416 1211 465 1249 ad
493 1221 661 1258 sensum,
690 1211 730 1250 in
758 1212 893 1263 primis
920 1212 961 1250 in
989 1223 1150 1251 numero
1186 1214 1225 1251 et
1254 1223 1392 1262 genere
1421 1211 1487 1262 (——
1508 1224 1542 1262 p.
1572 1211 1647 1260 69).
1704 1211 1821 1250 Vides
1849 1213 1995 1261 quanta
2024 1211 2177 1260 farrago
2205 1224 2333 1252 rerum
2352 1212 2629 1253 diversissima-

415 1297 503 1324 rum
533 1286 607 1324 alio
637 1286 913 1336 pertinentium
942 1287 981 1324 in
1009 1287 1081 1325 hoc
1111 1287 1235 1337 capite
1265 1288 1545 1326 contineantur.
1601 1287 1806 1325 Praeterea
1835 1286 2020 1336 expositio
2052 1297 2146 1325 usus
2174 1287 2501 1337 praepositionum
2527 1288 2630 1338 apud

415 1359 567 1399 Livium
594 1360 635 1398 in
662 1359 897 1400 Kuehnastii
924 1361 1021 1400 libro
1051 1361 1260 1399 admodum
1289 1362 1418 1400 tenuis
1448 1364 1508 1401 est
1536 1364 1575 1400 et
1603 1373 1749 1400 manca.

524 1433 577 1472 Ut
604 1434 644 1472 in
673 1434 779 1473 Livio
809 1435 1035 1481 subsistam,
1064 1435 1231 1474 conabor
1264 1446 1366 1473 nunc
1404 1435 1518 1486 paulo
1555 1435 1711 1473 uberius
1739 1445 1946 1485 exponere,
1992 1445 2067 1483 quo
2095 1434 2210 1473 modo
2239 1446 2303 1481 ea,
2345 1446 2442 1485 quae
2472 1435 2519 1474 ad
2548 1436 2628 1475 eius

417 1508 597 1558 syntaxin
626 1509 839 1559 pertinent,
873 1512 962 1559 apte
991 1511 1030 1548 et
1058 1509 1258 1560 perspicue
1298 1510 1494 1560 dispertiri
1536 1511 1574 1548 et
1617 1509 1785 1547 ordinari
1812 1509 1970 1559 possint.
2034 1508 2261 1547 Enuntiatio
2290 1520 2378 1547 cum
2406 1511 2557 1549 constet
2584 1522 2629 1549 ex

416 1583 590 1621 subiecto
618 1584 657 1621 et
684 1583 916 1633 praedicato,
945 1585 989 1622 ut
1007 1584 1112 1633 prius
1136 1584 1181 1622 de
1211 1584 1384 1623 subiecto
1403 1585 1551 1633 agatur,
1571 1583 1737 1633 primum
1758 1582 2037 1622 consideranda
2064 1584 2178 1621 erunt
2207 1583 2458 1629 substantiva,
2488 1584 2628 1635 quippe

415 1668 513 1707 quae
543 1657 789 1707 potissimum
817 1658 1034 1697 subiectum
1062 1658 1310 1704 constituant,
1340 1658 1479 1708 quibus
1508 1659 1707 1707 tamquam
1736 1657 2005 1707 supplementa
2033 1656 2169 1696 deinde
2199 1656 2374 1695 addenda
2401 1659 2493 1696 sunt
2520 1669 2629 1709 prae-

412 1731 622 1781 positiones
652 1732 690 1770 et
716 1732 954 1781 pronomina.
1016 1731 1063 1770 In
1090 1732 1211 1770 altera
1238 1734 1347 1782 parte
1376 1732 1608 1782 spectandae
1637 1733 1749 1770 erunt
1775 1731 1950 1770 notiones
1973 1730 2194 1781 praedicati,
2222 1731 2336 1769 verba
2365 1732 2404 1769 et
2431 1731 2628 1778 adiectiva,

411 1804 453 1843 in
480 1805 598 1844 tertia
626 1806 758 1844 autem
787 1806 1018 1845 tractabitur
1046 1806 1221 1845 doctrina
1249 1806 1571 1852 enuntiationum,
1600 1806 1649 1844 ad
1677 1817 1792 1855 quam
1831 1804 2050 1856 appendicis
2088 1805 2171 1844 loco
2212 1805 2359 1844 accedit
2386 1816 2479 1844 usus
2507 1805 2628 1856 parti-

411 1879 599 1921 cularum.

519 1952 574 1991 Ut
601 1952 679 1991 iam
709 1964 731 1991 3
758 1937 1010 1993 substantivis
1039 1954 1175 2001 ordiar,
1203 1954 1242 1992 in
1272 1955 1397 2004 capite
1427 1954 1549 2004 primo
1579 1953 1783 1993 dicendum
1823 1954 1897 1992 erit
1938 1953 1984 1992 de
2023 1953 2138 1991 variis
2168 1952 2398 1991 substantivi
2425 1953 2628 2000 generibus

415 2037 624 2076 eorumque
653 2038 737 2065 usu.
794 2026 948 2067 Primus
983 2028 1150 2067 occurrit
1185 2028 1295 2067 nobis
1331 2040 1425 2067 usus
1464 2028 1794 2067 substantivorum
1836 2027 2123 2066 abstractorum
2164 2037 2233 2076 pro
2271 2026 2476 2073 concretis,
2515 2028 2559 2066 ut
2596 2026 2628 2066 si

411 2110 532 2137 causa
560 2100 606 2139 de
634 2100 789 2139 homine
829 2101 970 2140 dicitur
1004 2100 1050 2150 (Ι,
1082 2102 1142 2148 13,
1172 2102 1196 2140 3
1236 2103 1276 2141 et
1304 2101 1471 2140 sedecim
1512 2102 1712 2152 praeterea
1747 2100 1875 2151 locis),
1917 2111 1992 2152 quo
2033 2099 2230 2152 pertinent
2268 2099 2369 2138 inter
2408 2099 2482 2139 alia
2511 2100 2627 2140 etiam

410 2172 625 2212 ludibrium
652 2174 698 2223 (I,
720 2176 780 2221 56,
800 2175 851 2224 9),
880 2177 1017 2220 terror,
1044 2176 1286 2220 momentum,
1299 2174 1519 2224 proyenies,
1545 2174 1683 2224 Zeyatio
1711 2176 1758 2214 de
1785 2176 1843 2222 iis,
1873 2186 1970 2225 quae
1998 2175 2118 2224 legati
2146 2174 2373 2219 retulerunt,
2400 2172 2626 2219 subsidium,

409 2247 632 2298 diqnitates,
660 2250 820 2294 aetates,
848 2261 968 2295 mora,
995 2249 1314 2298 inpedimentum,
1334 2249 1606 2297 spectaculum.
1663 2250 1845 2300 Sequitur
1873 2250 2007 2289 deinde
2037 2249 2268 2299 significatio
2297 2249 2627 2290 substantivorum

409 2323 610 2362 collectiva
638 2322 761 2372 (velut
789 2322 1001 2370 servitium,
1030 2323 1168 2361 civitas
1194 2339 1248 2356 =
1276 2325 1388 2371 cives,
1427 2322 1621 2369 nobilitas,
1650 2323 1854 2374 remiyium
1880 2341 1933 2357 =
1959 2325 2136 2374 remiges,
2173 2321 2355 2360 iuventus
2382 2321 2483 2372 etc.).
2538 2323 2628 2363 Huc

409 2397 580 2447 pertinet
607 2397 736 2443 etiam,
760 2398 863 2448 quod
881 2399 1038 2438 nomina
1057 2400 1259 2448 regionum
1287 2401 1327 2438 et
1346 2399 1501 2437 urbium
1529 2411 1808 2449 nonnunquam
1836 2412 1904 2450 pro
1932 2400 2067 2438 incolis
2096 2398 2345 2447 usurpantur,
2374 2395 2436 2446 (ut
2455 2397 2520 2445 VI,
2544 2399 2581 2444 3,
2600 2400 2624 2437 2

407 2468 592 2517 Etruria,
621 2471 721 2519 XLI,
752 2472 838 2519 23‚1
870 2474 910 2512 et
929 2473 1045 2520 24‚1o
1069 2471 1268 2523 Graecia),
1297 2472 1407 2512 cuius
1437 2473 1674 2512 contrarium
1695 2474 1733 2512 et
1752 2473 1873 2512 multo
1897 2472 2136 2523 frequentius
2165 2472 2235 2518 est,
2265 2471 2297 2510 si
2318 2470 2475 2510 nomina
2501 2483 2624 2523 popu-

408 2545 533 2584 lorum
561 2557 629 2597 pro
657 2546 880 2596 regionibus
909 2549 1157 2598 usurpantur.
1215 2546 1364 2586 Deinde
1393 2557 1507 2597 saepe
1545 2547 1789 2586 substantiva
1826 2547 2015 2597 generalis
2050 2548 2089 2586 et
2127 2545 2304 2597 specialis
2333 2545 2624 2595 significationis

406 2619 447 2657 in
476 2619 610 2658 eodem
638 2632 730 2659 casu
758 2620 886 2671 posita
914 2621 1017 2660 inter
1046 2633 1085 2660 se
1115 2621 1414 2671 coniunguntur,
1443 2622 1488 2659 ut
1515 2621 1681 2659 alterum
1710 2621 1760 2659 sit
1797 2621 1976 2660 adiectivi
2013 2621 2136 2660 instar
2168 2619 2396 2658 attributiva
2429 2619 2623 2669 significa-

405 2694 511 2732 tione
539 2694 814 2744 accipiendum.
870 2695 935 2734 Sic
963 2694 1105 2734 dicitur
1132 2706 1228 2732 saxo
1255 2693 1362 2731 silice
1391 2692 1440 2744 (I,
1469 2692 1584 2743 249),
1614 2693 1799 2731 liberator
1824 2693 2029 2742 -populi
2055 2691 2227 2732 Romani
2252 2691 2409 2729 animus
2435 2692 2481 2742 (Ι,
2504 2693 2621 2744 56,8),

406 2765 652 2805 liberatorem
671 2766 876 2815 populum,
905 2767 1070 2807 tironem
1097 2767 1318 2813 exercitum,
1347 2767 1395 2806 ab
1424 2767 1550 2815 equite
1576 2766 1681 2806 hoste
1709 2768 1791 2817 (IX,
1822 2769 1882 2815 19,
1913 2768 1989 2817 15),
2019 2766 2278 2805 iaculatorum
2297 2764 2487 2813 peditum,
2514 2767 2623 2805 terra

403 2838 531 2880 Italia
558 2842 630 2881 etc.
684 2840 885 2882 Pertinent
911 2843 988 2883 huc
1024 2842 1141 2883 etiam
1180 2842 1339 2882 nomina
1374 2842 1560 2892 gentium,
1597 2842 1664 2882 ubi
1701 2854 1979 2893 nonnunquam
2013 2854 2082 2894 pro
2120 2839 2363 2881 substantivo
2391 2839 2622 2881 adiectivum

404 2916 577 2967 positum
606 2918 816 2967 exspectas,
845 2921 890 2959 ut
919 2917 1031 2957 Galli
1058 2916 1215 2967 equites,
1244 2915 1400 2955 Poenus
1427 2915 1650 2965 imperator,
1678 2915 1787 2965 equis
1814 2915 2012 2955 Numidis.
2067 2915 2216 2955 Deinde
2239 2914 2524 2955 substantivum
2551 2915 2621 2956 ab·

404 2992 596 3030 structum
635 3002 723 3030 cum
761 2991 938 3031 concreto
976 2989 1016 3027 in
1057 2993 1234 3040 genetivo
1273 2992 1398 3043 posito
1439 2991 1480 3030 in
1519 3002 1638 3029 unam
1673 2992 1871 3031 notionem
1910 2990 2168 3040 coniungitur,
2206 2991 2252 3028 ut
2287 2989 2403 3026 tanta
2434 2987 2621 3037 foeditate

403 3061 591 3113 supplicii
616 3078 671 3096 =
697 3065 780 3104 tam
807 3063 919 3104 foedo
948 3064 1134 3117 supplicio
1164 3064 1211 3117 (Ι,
1235 3065 1296 3114 26,
1318 3063 1395 3115 11),
1425 3063 1560 3102 tautae
1587 3061 1747 3102 caritati
1773 3061 1976 3104 Hieronis.
2031 3062 2224 3115 Deinceps
2251 3061 2445 3114 agendum
2472 3062 2545 3104 erit
2571 3061 2619 3104 de

404 3138 655 3193 appositione,
684 3149 782 3192 quae
811 3139 879 3179 aut
905 3138 1107 3180 nominum
1135 3150 1218 3178 esse
1245 3139 1375 3193 potest
1403 3139 1471 3179 3111
1497 3138 1667 3178 totarum
1693 3138 2003 3180 enuntationum.
2058 3138 2159 3191 App.
2187 3136 2388 3177 nominum
2425 3137 2496 3178 aut
2530 3136 2619 3178 talis
