2761 3481
1306 287 1354 325 17

333 425 366 474 f)
402 436 461 463 en.
491 423 781 463 condicionales.

333 499 373 549 g)
401 510 460 537 en.
487 498 728 547 temporales.

332 571 374 619 h)
402 571 685 610 enuntiationes
713 571 905 611 relativae.

333 645 433 684 Tum
460 645 653 695 agendum
682 646 755 684 erit
784 646 829 684 de
856 645 979 683 modis
1006 648 1046 685 et
1083 647 1252 697 primum
1289 647 1445 697 quidem
1482 646 1529 685 de
1567 646 1785 686 indicativo.
1849 646 2069 696 Usurpatur
2101 647 2232 685 autem
2269 643 2349 682 ind.
2385 642 2432 681 de

227 721 350 766 rebus,
379 731 476 769 quae
504 720 703 769 tamquam
731 722 856 758 certae
885 721 1080 770 ponuntur
1107 732 1178 759 nec
1205 721 1359 759 aliunde
1397 721 1627 770 cogitatione
1656 720 1864 770 pendentes
1903 720 2212 770 pronuntiantur.
2268 717 2434 757 Ponitur

228 794 357 843 itaque
385 793 503 832 etia-m
531 793 571 831 in
599 793 646 832 iis
675 794 1003 833 enuntiationibus
1032 794 1268 833 secundariis
1297 795 1480 833 orationis
1510 795 1697 844 obliquae,
1727 806 1824 844 quae
1852 806 1918 845 per
1946 806 1985 833 se
2013 796 2193 833 constant
2219 805 2291 833 1100
2319 783 2433 843 aptae

229 869 320 907 sunt
347 876 366 906 0
394 867 510 905 verbo
538 867 718 918 primario
747 868 1032 915 enuntiationis,
1061 868 1167 908 velut
1194 869 1235 908 in
1261 868 1318 916 iis,
1347 880 1443 920 quae
1472 868 1552 920 ipse
1587 869 1752 918 scriptor
1779 881 1798 907 e
1829 880 1898 907 sua
1936 870 2064 907 mente
2102 871 2289 918 tanquam
2319 879 2432 908 suam

230 942 463 982 sententiam
491 942 738 991 pronuntiare
769 943 995 991 cogitandus
1024 945 1096 989 est,
1127 954 1404 992 nonnunquam
1432 938 1550 982 etiam
1578 943 1644 981 ubi
1683 943 1870 981 transitus
1907 944 1952 980 fit
1988 943 2035 980 ab
2070 943 2222 991 obliqua
2259 942 2432 981 oratione

228 1016 275 1054 ad
304 1017 461 1054 rectam.
517 1015 664 1054 Deinde
693 1018 845 1066 praeter
873 1017 947 1055 alia
976 1016 1331 1055 commemorandus
1352 1019 1411 1055 est
1441 1017 1552 1055 indic.
1580 1017 1730 1067 positus
1761 1018 1849 1067 post
1871 1029 1980 1056 voces
2000 1003 2177 1055 relativas
2196 1016 2432 1056 universales

229 1087 417 1137 quisquis,
445 1087 683 1138 quicumque,
711 1092 926 1138 utcumque,
956 1094 1044 1141 post
1072 1092 1359 1130 coniunctiones
1413 1093 1633 1138 antequam,
1657 1090 1893 1137 priusquam
1921 1094 1960 1129 et
1987 1102 2071 1127 eum
2089 1091 2310 1140 temporale,
2339 1102 2431 1129 con-

228 1163 384 1203 iunctus
413 1175 501 1202 011111
529 1163 707 1203 adverbio
728 1175 864 1213 prope,
891 1177 1170 1215 nonnunquam
1198 1165 1315 1204 etiam
1343 1177 1431 1204 cum
1459 1177 1536 1203 non
1564 1164 1659 1213 quia
1687 1168 1736 1211 et,
1767 1177 1999 1214 quamquam
2029 1166 2160 1211 rarius,
2183 1177 2271 1203 cum
2289 1163 2433 1212 quippe

228 1236 307 1285 qui,
336 1238 403 1276 ubi
430 1238 695 1277 coniunctivus
735 1241 794 1277 est
828 1239 1019 1278 usitatior.
1082 1239 1281 1278 Postremo
1320 1239 1546 1279 tractandus
1584 1239 1656 1278 erit
1693 1224 1919 1278 indicativus
1958 1239 2240 1291 hypotheticus,
2269 1239 2335 1289 qui
2363 1239 2432 1277 aut

228 1323 297 1362 per
325 1324 364 1351 se
392 1313 549 1362 ponitur
576 1313 615 1350 in
644 1314 809 1363 simplici
837 1314 1101 1352 enuntiatione
1129 1316 1197 1352 aut
1224 1315 1263 1352 in
1293 1315 1515 1363 composita,
1544 1316 1583 1352 et
1611 1315 1649 1351 in
1677 1314 1749 1352 hac
1778 1314 1932 1363 quidem
1960 1314 2025 1360 ita,
2054 1317 2098 1353 ut
2135 1317 2203 1352 aut
2243 1316 2283 1352 et
2310 1324 2430 1352 enun-

228 1385 340 1424 tiatio
369 1386 564 1436 sumptiva
591 1398 659 1436 per
685 1385 721 1423 si
749 1387 848 1425 elata
877 1390 916 1426 et
944 1387 1131 1437 apodosis,
1171 1390 1239 1426 aut
1267 1388 1348 1426 sola
1388 1388 1600 1426 enuntiatio
1639 1388 1833 1437 sumptiva
1873 1390 1941 1426 aut
1979 1388 2058 1426 sola
2086 1388 2261 1438 apodosis
2289 1386 2431 1425 habeat

228 1458 490 1498 indicativum.
520 1483 571 1488 —
598 1459 652 1499 Ut
679 1461 987 1510 praetermittam
1014 1461 1285 1512 imperativum
1313 1464 1353 1501 et
1380 1462 1456 1501 tria
1484 1474 1625 1512 genera
1662 1462 1892 1501 coniunctivi
1919 1473 1995 1500 non
2032 1461 2234 1512 pendentis
2263 1460 2430 1506 aliunde,

228 1532 306 1571 13111
334 1534 649 1572 coniunctionum
676 1536 731 1579 ut,
760 1547 818 1580 ne,
847 1546 942 1580 cums,
971 1534 1063 1573 dum
1090 1548 1204 1575 usum
1231 1537 1381 1575 varium
1409 1536 1728 1574 commemorabo.
1799 1533 1849 1573 Ut
1876 1536 2091 1574 coniunctio
2129 1536 2165 1582 a)
2194 1535 2352 1586 ponitur
2391 1535 2433 1572 in

230 1607 556 1647 enuntiationibus
585 1608 781 1647 obiectivis
803 1621 899 1659 quae
920 1610 1137 1659 exprimunt
1164 1610 1247 1648 fieri
1276 1611 1430 1660 aliquid,
1459 1610 1571 1656 effici,
1595 1610 1746 1660 prodire
1770 1621 1813 1647 ex
1834 1621 1877 1647 eo
1900 1610 2000 1659 quod
2020 1610 2229 1648 enuntiatio
2249 1609 2432 1660 primaria

230 1681 432 1731 significat.
487 1682 527 1730 b)
556 1682 649 1721 Post
686 1683 960 1733 praedicatum,
1000 1684 1039 1722 in
1077 1696 1150 1734 quo
1180 1685 1461 1736 comparativus
1501 1686 1569 1732 est,
1612 1685 1778 1724 alterum
1816 1678 2076 1734 praedicatum
2117 1685 2184 1722 aut
2211 1696 2279 1734 per
2307 1683 2432 1722 solum

228 1767 344 1802 quam
383 1758 564 1806 sequente
603 1757 844 1796 coniunctivo
885 1758 1057 1805 infertur,
1102 1761 1169 1797 aut
1210 1771 1278 1809 per
1318 1770 1435 1806 quam
1475 1759 1531 1795 ut.
1601 1758 1636 1806 c)
1673 1759 1717 1795 ut
1755 1758 1952 1797 consilium
1987 1757 2162 1808 exprimit
2200 1758 2260 1805 (ut
2286 1757 2429 1805 finale).

229 1829 269 1877 d)
295 1830 341 1867 ut
369 1831 667 1870 consecutivum.
724 1831 759 1878 e)
786 1833 831 1868 ut
859 1833 1131 1871 concessivum.
1189 1833 1221 1880 f)
1247 1834 1292 1869 ut
1320 1834 1476 1883 ponitur
1503 1833 1543 1871 in
1579 1833 1945 1882 interrogationibus
1981 1831 2265 1881 indignationis.
2320 1831 2360 1881 g)
2386 1832 2432 1868 ut

227 1903 332 1943 haud
360 1916 444 1944 raro
473 1904 513 1944 in
540 1918 618 1945 una
646 1906 853 1956 eademque
883 1907 1144 1946 enuntiatione
1173 1909 1241 1946 aut
1268 1908 1556 1957 perspicuitatis
1585 1919 1702 1946 causa
1730 1910 1798 1945 aut
1826 1909 1870 1944 ut
1905 1907 2024 1944 maior
2059 1907 2115 1944 vis
2144 1907 2308 1944 addatur
2344 1918 2432 1944 sen-

230 1978 384 2025 tentiae,
411 1980 608 2029 repetitur,
638 1980 714 2018 sive
744 1980 782 2018 id
809 1980 855 2019 fit
883 1981 922 2018 in
941 1982 1072 2019 enunt.
1092 1992 1214 2019 unum
1232 1981 1450 2019 membrum
1470 1981 1647 2027 habente,
1673 1980 1749 2019 sive
1770 1980 1806 2018 in
1827 1982 1986 2030 utroque
2008 1979 2178 2018 membro
2207 1979 2431 2018 bimembris

230 2053 517 2092 enuntiationis.
572 2054 602 2091 E
634 2055 822 2093 contrario
853 2066 930 2092 non
957 2055 1166 2105 repetitum
1205 2057 1264 2093 est
1291 2056 1336 2092 ut
1365 2054 1407 2102 V,
1438 2056 1497 2102 11,
1525 2056 1549 2094 9
1578 2053 1709 2093 omnia
1746 2053 1836 2102 ficri
1872 2055 1917 2091 ut
1953 2054 2189 2091 consenescat
2223 2051 2279 2090 ad
2322 2051 2433 2091 Veios

230 2123 421 2172 iuventus,
450 2139 518 2164 nec
545 2127 590 2165 de
617 2128 725 2182 aytfls
753 2152 803 2155 ——
830 2128 937 2175 ferre
963 2128 1018 2165 ad
1036 2128 1229 2177 populum
1256 2128 1405 2166 tribuni
1432 2151 1483 2155 —-
1504 2128 1671 2176 possint.
1726 2127 1848 2173 XXII,
1872 2130 1903 2174 1,
1924 2129 1971 2166 18
2001 2130 2130 2166 autem
2158 2128 2246 2178 post
2272 2127 2433 2165 verbum

230 2197 421 2237 dem-etum
438 2202 493 2238 est
512 2204 726 2252 sequuntur
745 2203 959 2253 complures
979 2204 1261 2243 enuntiationes
1290 2216 1358 2254 per
1377 2204 1501 2242 solum
1521 2203 1804 2241 coniunctivum
1833 2203 1911 2242 sine
1939 2203 1983 2239 ut
2010 2201 2276 2241 coniunctione
2296 2201 2433 2249 elatae,

229 2273 269 2311 in
299 2277 492 2325 postremo
521 2276 676 2316 demum
696 2278 865 2328 positum
885 2281 945 2317 est
963 2279 1016 2316 ut.
1063 2276 1104 2327 11)
1125 2278 1329 2317 dicendum
1349 2280 1407 2317 est
1426 2279 1472 2317 de
1493 2279 1740 2317 collocatione
1766 2277 2039 2317 coniunctionis
2066 2278 2122 2313 ut.
2174 2274 2224 2315 Ut
2250 2288 2329 2316 non
2348 2288 2433 2316 raro

229 2351 318 2398 post
336 2362 458 2389 unum
477 2352 538 2389 vel
557 2353 667 2401 plura
689 2353 872 2391 vocabula
890 2354 1055 2403 ponitur;
1077 2346 1292 2400 ἀνώμαλος
1312 2356 1444 2392 autem
1464 2356 1502 2392 et
1522 2364 1638 2404 prope
1662 2353 1819 2391 dixerim
1839 2345 1984 2401 ἄλογος
2003 2353 2061 2390 est
2081 2351 2280 2390 collocatio
2298 2350 2351 2399 Π,
2372 2351 2434 2397 27,

230 2423 253 2460 2
272 2424 318 2460 ut
338 2426 410 2462 aut
428 2424 593 2473 referret
622 2449 652 2453 —
673 2428 743 2464 aut
761 2428 806 2463 ut
823 2426 977 2464 amilio
999 2429 1105 2472 esset,
1124 2428 1220 2466 item
1238 2428 1414 2473 XXXVI,
1437 2429 1496 2473 16,
1515 2429 1562 2465 10
1581 2429 1636 2471 ut,
1657 2426 1734 2462 sive
1755 2447 1801 2452 —
1822 2425 1899 2461 siz-e
1916 2447 1964 2451 -
1980 2427 2035 2469 ut,
2055 2425 2156 2474 quod
2177 2427 2311 2463 contra
2329 2427 2434 2463 recte

231 2498 270 2535 et
296 2498 438 2539 usitato
466 2511 571 2539 more
599 2500 796 2548 XXXVII,
829 2502 886 2549 10,
915 2502 938 2541 6
968 2501 1114 2541 1110111111
1143 2503 1200 2542 est
1227 2513 1296 2540 nce
1322 2502 1367 2539 ut
1397 2523 1444 2529 —-
1473 2512 1541 2539 nec
1567 2502 1621 2540 ut.
1677 2501 1795 2540 Paulo
1824 2500 2006 2538 remotius
2035 2500 2083 2537 ab
2112 2500 2297 2538 orationis
2325 2499 2435 2537 initio

230 2572 400 2620 positum
428 2576 487 2613 est
514 2575 559 2611 ut
586 2574 636 2622 II,
657 2575 717 2622 38,
737 2576 773 2622 2,
802 2587 835 2614 v.
854 2575 983 2614 Alsch.
1037 2575 1144 2614 Nihil
1172 2575 1390 2615 offensionis
1419 2576 1536 2614 habet
1564 2575 1761 2615 collocatio
1785 2574 1886 2613 vocis
1913 2574 1956 2610 ut
1978 2572 2174 2619 XXXVII,
2195 2574 2231 2619 3,
2250 2574 2286 2620 5,
2306 2585 2340 2611 v.
2357 2572 2436 2618 W.;

231 2646 345 2694 paulo
381 2647 606 2687 insolentior
644 2652 776 2687 autem
802 2651 871 2688 est
908 2649 1027 2697 XLII,
1056 2651 1091 2697 3,
1120 2651 1154 2696 5,
1182 2662 1216 2689 v.
1230 2649 1290 2688 W.
1345 2649 1374 2699 i)
1401 2650 1447 2687 ut
1482 2661 1530 2687 ne
1566 2650 1621 2688 ita
1657 2649 1806 2694 dicitur,
1840 2649 1883 2686 ut
1919 2658 1967 2684 ne
2000 2658 2079 2686 non
2117 2646 2168 2686 sit
2205 2646 2436 2695 coniunctio,

183 2733 186 2734 ⁷
232 2719 299 2758 sed
322 2722 527 2772 antiquum
554 2723 788 2770 adverbium,
818 2724 919 2774 quod
946 2725 1088 2763 maiore
1118 2736 1207 2763 cum
1233 2724 1271 2763 vi
1297 2736 1366 2774 pro
1394 2735 1473 2762 non
1502 2725 1649 2769 dicitur,
1677 2736 1709 2761 v.
1737 2722 1861 2761 Hand.
1891 2722 2048 2760 Tursell.
2075 2721 2141 2767 IV,
2170 2733 2205 2771 p.
2233 2722 2297 2759 32.

335 2792 398 2832 Ne
427 2797 643 2836 coniunctio
672 2809 762 2837 011111
790 2797 1031 2837 coniunctivo
1061 2798 1275 2837 coniuncta.
1333 2797 1369 2846 a)
1398 2798 1673 2848 Praeterquam
1701 2796 1802 2846 quod
1830 2807 1877 2833 ne
1905 2795 2112 2846 apponitur
2139 2796 2369 2846 imperativo
2398 2798 2439 2835 et

232 2867 473 2909 coniunctivo
501 2871 746 2922 imperatorio
775 2874 813 2911 et
841 2873 1070 2919 concessivo,
1098 2873 1255 2923 ponitur
1281 2872 1323 2910 in
1351 2872 1610 2911 enuntiatione
1639 2881 1735 2921 quae
1763 2869 1905 2920 pendet
1932 2881 1977 2908 ex
2005 2869 2093 2917 alia,
2128 2880 2205 2920 qua
2233 2869 2437 2910 consilium

231 2940 293 2980 vel
318 2944 547 2984 mandatum
574 2947 634 2985 vel
662 2948 794 2986 votum
813 2959 1034 2997 expressum
1056 2949 1123 2994 est,
1143 2959 1240 2997 quae
1258 2949 1327 2985 aut
1345 2947 1465 2985 animi
1495 2946 1732 2985 voluntatem
1760 2947 1827 2983 aut
1855 2944 2047 2983 actionem
2076 2944 2249 2994 aliquam
2269 2944 2439 2983 declarat

233 3025 253 3053 e
281 3017 438 3057 consilio
465 3020 693 3070 prohibendi
720 3021 781 3060 vel
807 3021 1041 3072 impediendi
1068 3021 1282 3072 profectam
1310 3021 1380 3069 (sic
1397 3020 1523 3059 Hand.
1545 3019 1704 3058 Tursell.
1725 3019 1789 3065 IV,
1809 3031 1845 3069 p.
1867 3019 1943 3066 40).
1989 3018 2280 3069 Nonnunquam
2307 3020 2438 3057 tamen

231 3089 402 3139 verbum,
431 3103 477 3131 ex
504 3106 581 3145 qua
608 3106 658 3133 ne
684 3095 837 3146 pendet,
874 3106 920 3134 ex
948 3094 1207 3146 superioribus
1236 3095 1487 3146 repetendum
1513 3095 1581 3133 aut
1608 3093 1701 3132 adeo
1730 3105 1775 3132 ex
1802 3094 1887 3132 tota
1913 3093 2190 3132 enuntiationis
2218 3092 2438 3132 conforma-

231 3162 336 3202 tione
363 3168 492 3205 mente
520 3169 774 3219 repetendum
801 3170 871 3217 est,
900 3181 1177 3220 nonnunquam
1204 3171 1264 3208 est
1291 3167 1556 3208 tantummodo
1586 3167 1882 3218 epexegeticum‚
1918 3178 2009 3206 cum
2036 3179 2081 3207 ea
2109 3166 2313 3213 sententia,
2341 3177 2438 3216 quae

2250 3239 2270 3270 3
