2761 3481
1338 264 1364 303 9

252 417 404 455 semper
437 404 484 443 de
522 402 661 442 vicinia
693 403 799 442 urbis
837 402 1016 452 cogitare,
1052 401 1121 457 red
1156 402 1284 452 potest
1324 402 1444 441 etiam
1482 402 1679 452 ingressus
1720 403 1760 441 in
1797 403 1933 441 urbem
1970 403 2052 453 ipse
2088 402 2329 452 significatus
2365 413 2461 441 esse.

211 473 212 476 ¹
253 481 293 532 d)
322 481 421 521 Cum
447 477 632 529 temporis
658 477 879 516 notionibus
906 475 961 513 ad
985 488 1112 528 praep.
1141 478 1211 515 aut
1235 476 1290 515 ita
1319 476 1575 527 coniungitur,
1611 479 1656 516 ut
1684 476 1932 516 directionem
1959 476 2007 516 ad
2035 478 2188 528 tempus
2216 476 2372 527 aliquod
2400 487 2463 515 ex-

252 555 405 608 primat,
434 552 536 604 quod
563 552 687 591 instar
713 551 787 590 loci
815 552 885 597 est,
914 551 983 589 aut
1008 552 1053 589 ut
1075 550 1267 601 significet
1286 562 1484 601 quousque
1504 550 1648 601 aliquid
1668 553 1890 602 permaneat
1918 553 1986 590 aut
2013 551 2258 602 producatur,
2287 551 2332 589 ut
2357 549 2461 589 idem

253 630 305 669 sit
332 628 433 679 quod
461 638 582 675 usque
608 625 672 670 ad,
701 628 769 664 aut
797 626 843 663 de
872 636 915 663 eo
944 627 1117 675 tempore
1144 625 1294 671 dicitur,
1323 626 1426 675 quod
1452 638 1529 664 non
1558 628 1737 664 accurate
1776 626 1969 671 definitur,
2011 627 2077 664 sed
2116 628 2273 664 tantum
2300 637 2345 663 ex
2373 636 2462 675 pro—

252 702 469 756 pinquitate
497 699 657 739 alicuius
685 699 781 739 certi
808 698 996 739 momenti
1023 698 1255 749 designatur.
1311 699 1455 748 (Verba
1482 702 1574 740 sunt
1600 699 1742 739 Handii
1761 713 1797 750 p.
1818 699 1896 748 98),
1919 699 1973 737 ad
1993 701 2142 748 tempus
2170 702 2239 739 aut
2266 699 2462 750 significat

253 777 301 816 ad
329 777 478 815 certum
505 774 565 812 vel
592 774 849 812 constitutum
876 773 1040 822 tempus,
1069 775 1138 811 aut
1165 775 1337 823 tempore
1376 777 1603 823 opportuno,
1641 776 1709 812 aut
1746 774 1849 812 idem
1885 778 1944 812 est
1981 787 2015 822 q.
2045 775 2083 812 in
2112 774 2266 822 aliquod
2294 776 2459 822 tempus.

251 849 298 892 In
325 847 459 901 primis
487 846 604 888 etiam
632 844 987 888 commemorandae
1015 847 1110 887 sunt
1135 845 1349 888 locutiones
1375 844 1430 886 ad
1455 848 1678 894 extremum,
1697 845 1752 886 ad
1761 848 2012 896 portremum,
2035 845 2089 886 ad
2114 844 2305 886 ultimum.
2348 845 2385 897 e)
2407 843 2463 885 ad

253 921 393 964 dicitur
421 920 467 961 de
495 931 547 969 re,
576 930 651 974 qua
678 918 870 960 incidente
897 918 1001 959 aliud
1039 918 1085 959 fit
1124 918 1185 959 vel
1221 919 1357 968 evenit,
1399 922 1444 961 ut
1484 931 1597 974 saepe
1635 931 1711 962 non
1751 920 1919 962 multum
1956 933 1978 962 a
2014 932 2151 962 causae
2181 919 2459 973 significatione

253 997 363 1037 absit.
393 996 423 1043 Ι,
455 996 489 1043 7,
519 996 540 1033 7
570 1005 655 1032 cum
685 1015 732 1021 -—
763 994 869 1032 boves
895 993 1087 1042 quaedam
1113 993 1168 1031 ad
1192 993 1428 1031 desiderium
1455 1017 1505 1022 -—
1533 993 1760 1032 relictarum
1785 995 2005 1046 muqissent.
2064 997 2126 1044 25,
2155 997 2178 1034 6
2211 994 2265 1032 ad
2296 1005 2461 1044 quorum

252 1082 385 1109 casum
411 1080 496 1107 cum
518 1068 789 1107 conclamasset
816 1089 866 1094 —
894 1067 1093 1105 exercitus.
1149 1069 1211 1115 39,
1241 1070 1264 1106 2
1292 1067 1456 1106 clamore
1486 1090 1532 1096 —
1561 1068 1616 1106 ad
1642 1071 1777 1106 tantae
1804 1070 1863 1107 rei
1889 1069 2119 1107 miraculum
2147 1071 2251 1113 ort0,·
2277 1067 2332 1105 ad
2357 1079 2460 1105 nun-

253 1145 350 1182 tium
362 1155 375 1188 ,·
401 1142 455 1181 ad
481 1142 656 1191 siynum3
684 1140 738 1179 ad
764 1153 866 1188 spem
878 1153 890 1186 ;
917 1140 971 1178 ad
1000 1139 1222 1185 clamorem;
1249 1141 1304 1179 ad
1328 1144 1552 1180 crescentem
1580 1142 1812 1187 tumultum;
1849 1142 1903 1180 ad
1929 1143 2115 1187 edictum,·
2151 1142 2208 1180 ad
2232 1141 2461 1190 strepitum3

251 1216 306 1257 ad
331 1228 495 1267 quorum
520 1214 669 1264 famam
697 1216 770 1255 etc.
824 1212 856 1265 f)
884 1213 938 1252 ad
963 1216 1172 1265 usurpatur
1199 1214 1246 1254 de
1283 1227 1337 1262 eo,
1382 1216 1484 1266 quod
1527 1216 1640 1256 alicui
1674 1216 1730 1256 rei
1768 1216 1944 1256 additum
1972 1218 2030 1257 est
2057 1218 2125 1257 aut
2153 1217 2270 1256 simul
2298 1227 2387 1255 cum
2415 1227 2460 1255 ea

252 1293 379 1332 exstat
406 1290 475 1337 (sic
502 1289 678 1329 Handius
706 1301 742 1339 p.
770 1288 849 1338 96),
878 1300 952 1339 quo
980 1288 1173 1340 pertinent
1201 1288 1388 1329 formulae
1416 1288 1472 1327 ad
1497 1290 1632 1327 cetera.
1661 1288 1716 1327 ad
1741 1289 1793 1336 id,
1822 1288 1876 1327 ad
1901 1288 1978 1336 hoc,
2006 1291 2061 1330 ita
2095 1292 2140 1330 ut
2167 1288 2222 1327 ad
2247 1290 2289 1329 in
2315 1289 2459 1329 talibus

253 1365 574 1417 significationem
600 1363 742 1403 habeat
768 1363 1062 1415 praepositionis
1080 1363 1253 1411 praeter.
1302 1363 1342 1415 g)
1362 1363 1491 1403 Etiam
1512 1375 1601 1403 cum
1628 1364 1850 1404 notionibus
1878 1365 2025 1404 numeri
2053 1366 2092 1404 et
2118 1348 2322 1405 mensurae
2350 1375 2461 1415 prae-

251 1441 390 1493 positio
427 1439 481 1477 ad
520 1439 774 1488 coniungitur.
854 1437 1083 1489 Saepissime
1121 1438 1240 1477 etiam
1278 1437 1333 1476 ad
1368 1439 1630 1478 numeralibus
1666 1440 1887 1490 appositum
1924 1452 2123 1478 numerum
2159 1451 2237 1478 non
2280 1441 2460 1478 accurate

252 1514 513 1555 definiendum
541 1513 728 1562 designat,
756 1512 804 1551 ad
834 1523 949 1562 quem
977 1512 1106 1563 aliqua
1131 1525 1193 1552 res
1222 1513 1390 1560 accedat,
1429 1514 1474 1552 ut
1510 1512 1613 1552 idem
1653 1514 1704 1553 sit
1733 1513 1835 1563 quod
1864 1514 2025 1553 circiter.
2078 1513 2124 1552 In
2150 1514 2211 1553 his
2247 1516 2381 1553 tamen
2407 1511 2463 1550 ad

251 1590 329 1629 fere
360 1599 510 1639 semper
528 1586 697 1626 adverbii
715 1586 796 1626 vice
815 1586 1000 1635 fungitur.
1049 1586 1224 1638 Denique
1243 1587 1411 1639 pertinet
1429 1587 1505 1626 huc
1530 1586 1648 1627 etiam
1669 1588 1811 1627 locutio
1834 1586 1888 1625 ad
1904 1599 2026 1626 unum
2044 1599 2182 1626 onmes.
2227 1586 2270 1637 h)
2298 1587 2462 1627 Ponitur

249 1661 304 1699 ad
329 1662 368 1700 in
395 1673 525 1700 rerum
555 1661 839 1711 comparatione
868 1672 956 1699 cum
984 1661 1068 1699 aliis
1095 1662 1210 1699 rebus
1238 1661 1352 1700 facta.
1406 1659 1436 1710 i)
1465 1661 1617 1699 Dicitur
1644 1660 1699 1698 ad
1725 1662 1771 1699 de
1798 1662 1958 1707 ratione,
1998 1674 2042 1700 ex
2080 1674 2155 1711 qua
2193 1661 2339 1711 aliquid
2366 1672 2459 1700 con-

252 1735 500 1775 siderandum
528 1735 596 1774 aut
623 1734 729 1773 notio
758 1734 885 1784 aliqua
914 1734 1151 1774 conficienda
1179 1734 1241 1781 sit,
1269 1746 1358 1785 pro:
1393 1733 1429 1771 si
1456 1732 1617 1782 respicis
1643 1733 1706 1779 ad,
1746 1734 1898 1773 ratione
1924 1733 2068 1781 habita,
2104 1734 2206 1784 quod
2237 1733 2380 1772 attinet
2407 1733 2462 1772 ad

253 1808 318 1858 (cf.
347 1808 474 1848 Hand.
504 1820 540 1858 p.
572 1807 676 1856 106).
733 1807 858 1856 Quare
883 1808 1057 1858 inprimis
1084 1808 1160 1847 huc
1197 1808 1395 1847 referenda
1423 1809 1513 1847 sunt
1534 1807 1746 1855 pertinere,
1775 1808 1943 1847 attinere
1984 1820 2071 1848 cum
2110 1808 2165 1846 ad
2202 1820 2331 1859 praep.
2369 1820 2460 1847 con-

249 1883 395 1922 iuncta.
451 1882 490 1932 k)
520 1883 675 1933 ponitur
701 1881 765 1927 ad,
794 1883 860 1921 ubi
887 1882 1141 1932 significanda
1169 1885 1229 1921 est
1255 1894 1391 1921 norma
1426 1884 1465 1921 et
1492 1883 1627 1933 regula
1654 1884 1694 1921 et
1724 1883 1763 1921 id
1791 1884 1893 1934 quod
1935 1884 2123 1922 actionem
2161 1883 2330 1933 aliquam
2358 1883 2459 1933 regit

250 1959 290 1997 et
316 1957 547 2004 modulatur,
574 1957 613 1996 id
642 1957 743 2007 quod
772 1957 879 1996 reddi
907 1958 1036 2007 potest
1062 1968 1131 2007 per
1158 1957 1388 1996 vocabulum
1406 1955 1615 1995 secundum
1638 1957 1780 2006 (Hand.
1802 1970 1836 2008 p.
1862 1958 1963 2007 108).
2010 1957 2092 2005 Quo
2120 1956 2315 2008 pertinent
2341 1957 2460 1996 etiam

251 2031 440 2071 formulae
468 2031 524 2069 ad
549 2030 812 2076 simulacrum,
840 2030 894 2068 ad
920 2030 1083 2076 modum,
1111 2029 1167 2068 ad
1191 2030 1362 2078 speciem,
1390 2031 1445 2068 ad
1470 2024 1697 2079 exemplum.
1752 2032 1781 2080 l)
1809 2031 1863 2069 ad
1889 2033 2043 2083 ponitur
2078 2032 2126 2070 ad
2163 2031 2461 2081 significandum

252 2106 454 2145 consilium
483 2106 638 2157 aliquod
667 2108 706 2145 et
734 2117 848 2145 usum
876 2107 916 2145 et
944 2105 1134 2152 effectum,
1163 2107 1232 2145 aut
1259 2106 1325 2145 ubi
1354 2105 1494 2145 dicitur
1521 2086 1829 2146 rei⁵facultatem
1867 2107 1989 2146 valere
2018 2109 2057 2146 et
2085 2108 2261 2146 constare
2289 2116 2334 2145 ex
2362 2106 2461 2146 alius

250 2180 306 2218 rei
334 2180 493 2218 ratione.
549 2180 599 2219 Et
628 2180 849 2230 saepissime
879 2180 1068 2218 adiectiva
1095 2181 1135 2218 et
1171 2179 1374 2230 participia
1416 2191 1505 2218 cum
1541 2170 1762 2220 nominibus
1804 2182 2086 2230 coniunguntur
2125 2193 2194 2232 per
2222 2179 2323 2220 hanc
2349 2194 2463 2232 prae-

248 2254 491 2303 positionem,
519 2265 617 2302 quae
643 2253 866 2299 utilitatem,
894 2255 1027 2303 apta-m
1054 2255 1094 2291 et
1120 2253 1297 2292 idoneam
1329 2265 1421 2300 rem,
1450 2255 1778 2303 opportunitatem
1813 2256 1946 2304 hisque
1985 2256 2177 2294 contraria
2227 2255 2460 2303 significant.

247 2326 375 2366 Huius
403 2327 552 2376 generis
581 2327 672 2365 sunt
700 2338 755 2373 ea,
782 2327 822 2365 in
851 2326 990 2377 quibus
1019 2326 1165 2376 aliquid
1194 2326 1335 2365 dicitur
1363 2338 1444 2366 esse
1474 2328 1588 2366 alicui
1615 2329 1672 2366 rei
1711 2328 1944 2368 destinatum
1982 2332 2050 2368 aut
2087 2330 2135 2369 ad
2175 2330 2346 2381 aliquam
2378 2343 2462 2371 rem

249 2399 492 2438 efficiendam
519 2399 672 2438 institui
700 2401 767 2438 aut
794 2400 909 2438 alicui
937 2399 1095 2438 consilio
1123 2399 1275 2438 servire.
1318 2400 1668 2450 Frequentissimus
1691 2414 1784 2440 usus
1809 2404 1867 2440 est
1888 2402 1928 2439 in
1953 2403 2146 2451 gerundiis
2172 2406 2213 2443 et
2240 2406 2462 2453 gerundivis

248 2471 312 2522 (cf.
340 2473 466 2513 Hand.
497 2486 532 2524 p.
565 2474 639 2512 112
669 2473 779 2524 sqq).
833 2473 889 2523 m)
917 2473 1043 2513 Rarus
1071 2475 1131 2513 est
1158 2485 1252 2513 usus
1279 2475 1574 2525 praepositionis
1611 2474 1667 2512 ad
1703 2476 1742 2514 in
1780 2476 1904 2514 verbis
1941 2476 2102 2523 dicendi,
2142 2477 2175 2516 si
2215 2478 2463 2529 exprimenda

248 2548 307 2584 est
333 2558 509 2598 persona,
549 2548 597 2585 ad
635 2559 751 2597 quam
788 2548 909 2586 oratio
947 2548 1192 2593 convertitur,
1234 2548 1357 2586 multo
1400 2548 1639 2599 frequentius
1680 2548 1735 2585 ad
1769 2561 1857 2587 cum
1890 2560 1966 2587 acc.
2004 2550 2060 2588 rei
2096 2551 2347 2602 coniungitur
2373 2551 2464 2605 post

246 2621 407 2659 verbum
433 2620 665 2668 respondere
693 2624 763 2660 aut
788 2623 904 2660 verba
932 2622 1103 2660 eiusdem
1130 2622 1434 2670 significationis.

352 2694 595 2733 adversus
622 2694 660 2744 a)
690 2696 736 2735 de
764 2696 848 2734 loco
876 2696 1042 2746 ponitur,
1069 2697 1115 2734 ut
1142 2695 1246 2734 idem
1272 2695 1324 2735 sit
1352 2696 1455 2745 quod
1483 2708 1503 2733 e
1530 2695 1694 2745 regione.
1748 2694 1790 2745 b)
1819 2696 1921 2735 idem
1946 2695 2142 2746 significat
2180 2700 2285 2749 quod
2322 2711 2463 2747 coram,

241 2769 450 2815 praesente
476 2767 624 2817 aliquo.
679 2768 716 2819 c)
744 2769 784 2809 in
813 2769 1098 2821 comparatione
1126 2769 1291 2819 ponitur.
1345 2769 1388 2820 d)
1416 2782 1485 2821 pro
1513 2771 1648 2808 contra
1685 2770 1825 2809 dicitur
1861 2770 1906 2810 de
1947 2771 2075 2811 animo
2115 2772 2283 2823 inimico,
2318 2775 2366 2815 de
2393 2777 2465 2815 im-

248 2841 447 2891 pugnandi
476 2844 516 2882 et
544 2843 774 2883 defendendi
803 2845 945 2883 conatu
973 2845 1013 2883 et
1041 2844 1088 2883 de
1114 2843 1246 2883 hostili
1273 2855 1457 2895 aggressu
1484 2846 1523 2884 et
1550 2844 1596 2883 de
1624 2843 1872 2883 defensione
1862 2844 1967 2884 luris.
2015 2844 2051 2895 e)
2079 2847 2120 2887 in
2148 2848 2293 2889 bonam
2314 2852 2464 2921 partem

248 2914 436 2965 accipitur
463 2918 503 2956 et
530 2918 672 2957 dicitur
699 2919 746 2958 de
773 2918 901 2957 animo
929 2918 1113 2957 benevolo
1140 2919 1181 2957 in
1209 2919 1377 2969 aliquem
1406 2920 1445 2958 et
1470 2919 1559 2958 inde
1587 2918 1866 2969 prodeuntibus
1894 2920 2121 2961 actionibus.

352 2993 469 3029 anto
495 2990 534 3042 a)
552 2992 609 3032 de
636 2993 720 3032 loco
749 2992 900 3032 dicitur.
955 2990 999 3043 b)
1028 2992 1074 3032 de
1103 2994 1287 3044 tempore.
1342 2991 1379 3044 c)
1409 2994 1455 3034 de
1482 3006 1522 3034 re
1550 2994 1634 3033 aliis
1661 2993 1910 3044 praeferenda
1937 2996 1977 3034 et
2005 2995 2051 3036 de
2079 2999 2327 3048 praestantia.

350 3067 527 3106 contra
555 3064 595 3118 a)
624 3067 671 3107 de
698 3068 780 3108 loco
809 3067 960 3116 dicitur,
989 3083 1042 3101 =
1069 3061 1263 3116 adiersus,
1291 3079 1336 3108 ex
1363 3068 1532 3117 adverso,
1559 3081 1579 3109 e
1607 3070 1772 3121 regione.
1836 3068 1877 3118 b)
1905 3073 2117 3123 usurpatur
2156 3073 2203 3114 de
2242 3074 2463 3114 certaminis

245 3130 493 3180 contentione
526 3142 566 3181 et
588 3141 635 3181 de
659 3152 901 3194 quocumque
920 3141 1148 3183 adversandi
1174 3141 1299 3191 modo,
1328 3143 1405 3183 sive
1428 3142 1469 3182 in
1495 3142 1628 3183 hostili
1657 3144 1916 3195 aggressione,
1944 3145 2023 3187 sive
2050 3146 2092 3186 in
2110 3147 2186 3188 alia
2212 3148 2346 3199 quavis
2373 3160 2465 3189 con·

2276 3220 2297 3251 2
